@photo{ph1,
photoname={The Woods},
photographer={M Woods},
keywords={photo},
}

@photo{ph2,
photoname={The Sky},
photographer={A B Skier},
keywords={photo},
}
@photo{ph3,
photoname={The Air},
photographer={O Ayre},
keywords={photo},
}
@photo{ph4,
photoname={The Lake},
photographer={N Lakes},
keywords={photo},
}
@photo{ph5,
photoname={The Sea},
photographer={R Seasons},
keywords={photo},
}

@archive{folders45,
   title={The Pieman Letters},
   sorttitle={Pieman Letters},
 level1 = {Museum of All Things},
 level2 = {Historical Collections Department},
 level3 = {Station Records 1790-1820},
 level4 = {cat AB 123/486},
 level5 = {box 2},
 level6 = {folders 4-5},
  related = {ffdoc1, ffdoc2, ffdoc3, ffdoc4, ffdoc12},
  relatedtype = {archive},
  keywords = {mv},
}


@archive{box2,
   title={All About Pies},
 level1 = {Museum of All Things},
 level2 = {Historical Collections Department},
 level3 = {Station Records 1790-1820},
 level4 = {cat AB 123/486},
 level5 = {box 2},
  related     = {box2a,box2b,box2c},
  relatedtype = {archive},
  keywords = {mv},
}





@archive{test1,
 level1 = {Museum of All Things},
 level2 = {Historical Collections Department},
 level3 = {Station Records 1790-1820},
 level4 = {cat AB 123/486},
 level5 = {box 2},
 level6 = {folders 4-5},
 level7 = {document 12},
  itemattr1 = {test1Letter},
  itemattr2 = {from Simon to the Pieman},
  itemattr3 = {15 February 1790},
  shortarchive ={Pieman Letter},
}


 @archive{box2a,
 level6 = {folders 1-2},
  itemattr1 = {Correspondence in Frensshe},
  xref = {box2},
options = {dataonly},
  keywords = {mv},
  }


@archive{box2b,
 level6 = {folder 3},
  itemattr1 = {Pastry recipes},
  xref = {box2},
options = {dataonly},
  keywords = {mv},
  }


@archive{box2c,
 level6 = {folders 4-5},
  itemattr1 = {The Pieman Letters},
  xref = {box2},
options = {dataonly},
  keywords = {mv},
  }


@archive{ffdoc4,
 level7 = {\ldots},
  itemattr1 = {: various other sundry letters},
%  itemattr2 = {from Simon to the Pieman},
%  itemattr3 = {15 February 1790},
  xref = {folders45},
% options = {dataonly},
  keywords = {mv},
  }


@archive{ffdoc12,
 level7 = {document 12},
  itemattr1 = {ffdoc12Letter},
  itemattr2 = {from Simon to the Pieman},
  itemattr3 = {15 February 1790},
  xref = {folders45},
% options = {dataonly},
  keywords = {mv},
  }

@archive{ffdoc1,
 level7 = {document 1},
  itemattr1 = {Letter},
  itemattr2 = {from Simon to the Pieman},
  itemattr3 = {12 February 1790},
  xref = {folders45},
options = {dataonly},
  keywords = {mv},
  }

@archive{ffdoc2,
 level7 = {document 2},
  itemattr1 = {Letter},
  itemattr2 = {from Simon to the Pieman},
  itemattr3 = {14 February 1790},
  xref = {folders45},
options = {dataonly},
  keywords = {mv},
  }

@archive{ffdoc3,
 level7 = {document 3},
  itemattr1 = {Letter},
  itemattr2 = {from Simon to the Pieman},
  itemattr3 = {15 March 1790},
  xref = {folders45},
 options = {dataonly},
  keywords = {mv},
  }

@book{abook,author={An Author},title={A Title},publisher={A Publisher},date={1795},location={Paris and London},}



@bibart{art1,artist ={Leonardo {da Vinci}},title ={Mona Lisa},origtitle ={La Giaconda},date={1503~},provenance ={The Louvre},origprov ={Musée du Louvre},city ={Paris},medium ={oil on wood (Lombardy poplar)},dimensions ={77 x 53 cm},worktype ={painting},workstyle={Renaissance},}




@biology{lion,
 class = {Mammalia},
 order = {Carnivora},
 family = {Felid\ae}, 
 genus = {Felis},
 species = {leo},
 commonname = {lion}, 
  }

@biology{cj,
 class = {Insecta},
 order = {Lepidoptera},
 family = {Pierid\ae}, 
 genus = {Delias},
 species = {nigrina},
 commonname = {Black Jezebel and Common Jezebel}, 
  }


@biology{pl,
 class = {Insecta},
 order = {Lepidoptera},
 family = {Nymphalid\ae}, 
 genus = {Vanessa},
 species = {cardui},
 commonname = {Painted Lady}, 
  }


@biology{osw,
 class = {Insecta},
% order = {Lepidoptera},
% family = {Nymphalid\ae}, 
% genus = {Vanessa},
% species = {cardui},
 commonname = {Orange Spider Wasp}, 
  }

@biology{btp,
 class = {Mammalia},
% order = {Lepidoptera},
% family = {Nymphalid\ae}, 
% genus = {Vanessa},
% species = {cardui},
 commonname = {Brush-tailed Possum}, 
  }

@biology{biotest,
 class = {cclass},
 order = {oorder},
% family = {Nymphalid\ae}, 
% genus = {Vanessa},
% species = {cardui},
 commonname = {ccommon}, 
  }


@biology{wisteria,
% class = {xxx},
 order = {Fabales},
 family = {Fabace\ae/Leguminos\ae}, 
 genus = {Wisteria},
 species = {\textup{spp}},
 commonname = {Wisteria}, 
  }



%-------------------------------

@bookset{digby,Author ={Anne Digby},date ={1942/},}
@bookset{blyton,Author ={Enid Blyton},date ={1897/1968},}
@bookset{lewis,Author ={C S Lewis},date ={1898/1963},}
@bookset{vance,Author ={Jack Vance},date ={1916/2013},}
@bookset{pullman,Author ={Philip Pullman},date ={1946/},}
@bookset{norton,Author ={Mary Norton},date ={1903/1992},}
@bookset{leguin,Author ={Ursula K {Le Guin}},date ={1929/2018},}
@bookset{brontëc,Author ={Charlotte Brontë},date ={1816/1855},}
@bookset{hardy,Author ={Thomas Hardy},date ={1840/1928},}
@bookset{lawrence,Author ={D H Lawrence},date ={1885/1930},}
@bookset{dickens,Author ={Charles Dickens},date ={1812/1870},}
@bookset{smollett,Author ={Tobias Smollett},date ={1721/1771},}
%@booksetr{smollettr,Author ={Tobias Smollett},date ={1721/1771},
%related={bsm155r,bsm156r,bsm157r},
%  relatedtype = {multivolumeset},
%  keywords = {mv,works},
%}
@bookset{richardson,Author ={Samuel Richardson},date ={1689/1761},}
@bookset{defoe,Author ={Daniel Defoe},date ={1660~/1731},}
@bookset{brontëe,Author ={Emily Brontë},date ={1818/1848},}
@bookset{brontëa,Author ={Anne Brontë},date ={1820/1849},}
@bookset{swift,Author ={Jonathon Swift},date ={1667/1745},}
@bookset{fielding,Author ={Henry Fielding},date ={1707/1754},}
@bookset{brent-dyer,Author ={Elinor M {Brent-Dyer}},date ={1894/1969},}





@bookset{trebizon,Title ={Trebizon},crossref ={digby},sortkey ={Trebizon},keywords ={series, school},}
@bookset{malorytowers,Title ={Malory Towers},crossref ={blyton},sortkey ={Malory Towers},keywords ={series, school},}
@bookset{stclares,Title ={St Clare's},crossref ={blyton},sortkey ={St Clare's},keywords ={series, school},}
@bookset{chroniclesofnarnia,Title ={Chronicles of Narnia},crossref ={lewis},sortkey ={Chronicles of Narnia},keywords ={series, school},}
@bookset{dyingearth,Title ={Dying Earth},crossref ={vance},sortkey ={Dying Earth},keywords ={series, sf},}
@bookset{lyonesse,Title ={Lyonesse},crossref ={vance},sortkey ={Lyonesse},keywords ={series, sf},}
@bookset{demonprinces,Title ={Demon Princes},crossref ={vance},sortkey ={Demon Princes},keywords ={series, sf},}
@bookset{cadwalchronicles,Title ={Cadwal Chronicles},crossref ={vance},sortkey ={Cadwal Chronicles},keywords ={series, sf},}
@bookset{alastor,Title ={Alastor},crossref ={vance},sortkey ={Alastor},keywords ={series, sf},}
@bookset{durdane,Title ={Durdane},crossref ={vance},sortkey ={Durdane},keywords ={series, sf},}
@bookset{tschai,Title ={Tschai},crossref ={vance},sortkey ={Tschai},keywords ={series, sf},}
@bookset{hisdarkmaterials,Title ={His Dark Materials},crossref ={pullman},sortkey ={His Dark Materials},keywords ={series, sf},}
@bookset{farawaytree,Title ={Faraway Tree},crossref ={blyton},sortkey ={Faraway Tree},keywords ={series},}
@bookset{borrowers,Title ={Borrowers},crossref ={norton},sortkey ={Borrowers},keywords ={series},}
@bookset{earthsea,Title ={Earthsea},crossref ={leguin},sortkey ={Earthsea},keywords ={series, sf},}
@bookset{brontëcnovels,Title ={Brontë C Novels},crossref ={brontëc},sortkey ={Brontë C Novels},keywords ={works},}
@bookset{hardynovels,Title ={Hardy Novels},crossref ={hardy},sortkey ={Hardy Novels},keywords ={works},}
@bookset{lawrencenovels,Title ={Lawrence Novels},crossref ={lawrence},sortkey ={Lawrence Novels},keywords ={works},}
@bookset{dickensnovels,Title ={Dickens Novels},crossref ={dickens},sortkey ={Dickens Novels},keywords ={works},}
@bookset{smollettworks,Title ={Smollett Works},crossref ={smollett},sortkey ={Smollett Works},keywords ={works},}
%@booksetr{smollettworksr,Title ={Smollett Works},crossref ={smollettr},sortkey ={Smollett Works},keywords ={works},}





@booksetelement{bsm1,Title ={First Term at Trebizon},Date ={1978-10},Series ={Trebizon},Number ={1},xref ={trebizon},sortkey ={Trebizon01},shorthand ={AD--T1},keywords ={series},}
@booksetelement{bsm2,Title ={Second Term at Trebizon},Date ={1979-02},Series ={Trebizon},Number ={2},xref ={trebizon},sortkey ={Trebizon02},shorthand ={AD--T2},keywords ={series},}
@booksetelement{bsm3,Title ={Summer Term at Trebizon},Date ={1979-08},Series ={Trebizon},Number ={3},xref ={trebizon},sortkey ={Trebizon03},shorthand ={AD--T3},keywords ={series},}
@booksetelement{bsm4,Title ={Boy Trouble at Trebizon},Date ={1980-08},Series ={Trebizon},Number ={4},xref ={trebizon},sortkey ={Trebizon04},shorthand ={AD--T4},keywords ={series},}
@booksetelement{bsm5,Title ={More Trouble at Trebizon},Date ={1981-03},Series ={Trebizon},Number ={5},xref ={trebizon},sortkey ={Trebizon05},shorthand ={AD--T5},keywords ={series},}
@booksetelement{bsm6,Title ={The Tennis Term at Trebizon},Date ={1982-01},Series ={Trebizon},Number ={6},xref ={trebizon},sortkey ={Trebizon06},shorthand ={AD--T6},keywords ={series},}
@booksetelement{bsm7,Title ={Summer Camp at Trebizon},Date ={1982-06},Series ={Trebizon},Number ={7},xref ={trebizon},sortkey ={Trebizon07},shorthand ={AD--T7},keywords ={series},}
@booksetelement{bsm8,Title ={Into the Fourth at Trebizon},Date ={1982-11},Series ={Trebizon},Number ={8},xref ={trebizon},sortkey ={Trebizon08},shorthand ={AD--T8},keywords ={series},}
@booksetelement{bsm9,Title ={The Hockey Term at Trebizon},Date ={1984-02},Series ={Trebizon},Number ={9},xref ={trebizon},sortkey ={Trebizon09},shorthand ={AD--T9},keywords ={series},}
@booksetelement{bsm10,Title ={Fourth Year Triumphs at Trebizon},Date ={1985-10},Series ={Trebizon},Number ={10},xref ={trebizon},sortkey ={Trebizon10},shorthand ={AD--T10},keywords ={series},}
@booksetelement{bsm11,Title ={The Ghostly Term at Trebizon},Date ={1990-02},Series ={Trebizon},Number ={11},xref ={trebizon},sortkey ={Trebizon11},shorthand ={AD--T11},keywords ={series},}
@booksetelement{bsm12,Title ={Fifth Year Friendships at Trebizon},Date ={1990-06},Series ={Trebizon},Number ={12},xref ={trebizon},sortkey ={Trebizon12},shorthand ={AD--T12},keywords ={series},}
@booksetelement{bsm13,Title ={Secret Letters at Trebizon},Date ={1993-01},Series ={Trebizon},Number ={13},xref ={trebizon},sortkey ={Trebizon13},shorthand ={AD--T13},keywords ={series},}
@booksetelement{bsm14,Title ={The Unforgettable Fifth at Trebizon},Date ={1994-05},Series ={Trebizon},Number ={14},xref ={trebizon},sortkey ={Trebizon14},shorthand ={AD--T14},keywords ={series},}%===============================
@booksetelement{bsm15,Title ={First Term at Malory Towers},Date ={1946},Series ={Malory Towers},Number ={1},xref ={malorytowers},sortkey ={Malory Towers01},shorthand ={EB--MT1},keywords ={series},}
@booksetelement{bsm16,Title ={Second Form at Malory Towers},Date ={1947},Series ={Malory Towers},Number ={2},xref ={malorytowers},sortkey ={Malory Towers02},shorthand ={EB--MT2},keywords ={series,robot},}
@booksetelement{bsm17,Title ={Third Year at Malory Towers},Date ={1948},Series ={Malory Towers},Number ={3},xref ={malorytowers},sortkey ={Malory Towers03},shorthand ={EB--MT3},keywords ={series},}
@booksetelement{bsm18,Title ={Upper Fourth at Malory Towers},Date ={1949},Series ={Malory Towers},Number ={4},xref ={malorytowers},sortkey ={Malory Towers04},shorthand ={EB--MT4},keywords ={series},}
@booksetelement{bsm19,Title ={In the Fifth at Malory Towers},Date ={1950},Series ={Malory Towers},Number ={5},xref ={malorytowers},sortkey ={Malory Towers05},shorthand ={EB--MT5},keywords ={series},}
@booksetelement{bsm20,Title ={Last Term at Malory Towers},Date ={1950},Series ={Malory Towers},Number ={6},xref ={malorytowers},sortkey ={Malory Towers06},shorthand ={EB--MT6},keywords ={series},}%===============================
@booksetelement{bsm21,Title ={The Twins at St. Clare's },Date ={1941},Series ={St Clare's},Number ={1},xref ={stclares},sortkey ={St Clare's01},shorthand ={EB--SC1},keywords ={series},}
@booksetelement{bsm22,Title ={The O'Sullivan Twins },Date ={1942},Series ={St Clare's},Number ={2},xref ={stclares},sortkey ={St Clare's02},shorthand ={EB--SC2},keywords ={series},}
@booksetelement{bsm23,Title ={Summer Term at St. Clare's },Date ={1943},Series ={St Clare's},Number ={3},xref ={stclares},sortkey ={St Clare's03},shorthand ={EB-- 3},keywords ={series},}
@booksetelement{bsm24,Title ={The Second Form at St. Clare's },Date ={1944},Series ={St Clare's},Number ={4},xref ={stclares},sortkey ={St Clare's04},shorthand ={EB--SC4},keywords ={series},}
@booksetelement{bsm25,Title ={Claudine at St.Clare's },Date ={1944},Series ={St Clare's},Number ={5},xref ={stclares},sortkey ={St Clare's05},shorthand ={EB--SC5},keywords ={series},}
@booksetelement{bsm26,Title ={Fifth Formers of St. Clare's },Date ={1945},Series ={St Clare's},Number ={6},xref ={stclares},sortkey ={St Clare's06},shorthand ={EB--SC6},keywords ={series},}%===============================
@booksetelement{bsm27,Title ={The Lion, the Witch and the Wardrobe },Date ={1950},Series ={Chronicles of Narnia},Number ={1},xref ={chroniclesofnarnia},sortkey ={Chronicles of Narnia01},shorthand ={CSL--N1},keywords ={series},}
@booksetelement{bsm28,Title ={Prince Caspian },Date ={1951},Series ={Chronicles of Narnia},Number ={2},xref ={chroniclesofnarnia},sortkey ={Chronicles of Narnia02},shorthand ={CSL--N2},keywords ={series},}
@booksetelement{bsm29,Title ={The Voyage of the Dawn Treader },Date ={1952},Series ={Chronicles of Narnia},Number ={3},xref ={chroniclesofnarnia},sortkey ={Chronicles of Narnia03},shorthand ={CSL--N3},keywords ={series},}
@booksetelement{bsm30,Title ={The Silver Chair },Date ={1953},Series ={Chronicles of Narnia},Number ={4},xref ={chroniclesofnarnia},sortkey ={Chronicles of Narnia04},shorthand ={CSL--N4},keywords ={series},}
@booksetelement{bsm31,Title ={The Horse and His Boy },Date ={1954},Series ={Chronicles of Narnia},Number ={5},xref ={chroniclesofnarnia},sortkey ={Chronicles of Narnia05},shorthand ={CSL--N5},keywords ={series},}
@booksetelement{bsm32,Title ={The Magician's Nephew },Date ={1955},Series ={Chronicles of Narnia},Number ={6},xref ={chroniclesofnarnia},sortkey ={Chronicles of Narnia06},shorthand ={CSL--N6},keywords ={series},}
@booksetelement{bsm33,Title ={The Last Battle },Date ={1956},Series ={Chronicles of Narnia},Number ={7},xref ={chroniclesofnarnia},sortkey ={Chronicles of Narnia07},shorthand ={CSL--N7},keywords ={series},}%===============================
@booksetelement{bsm34,Title ={The Dying Earth},Date ={1950},Series ={Dying Earth},Number ={1},xref ={dyingearth},sortkey ={Dying Earth01},shorthand ={JV--DE1},keywords ={series},}
@booksetelement{bsm35,Title ={The Eyes of the Overworld },Date ={1966},Series ={Dying Earth},Number ={2},xref ={dyingearth},sortkey ={Dying Earth02},shorthand ={JV--DE2},keywords ={series},}
@booksetelement{bsm36,Title ={Cugel's Saga },Date ={1983},Series ={Dying Earth},Number ={3},xref ={dyingearth},sortkey ={Dying Earth03},shorthand ={JV--DE3},keywords ={series},}
@booksetelement{bsm37,Title ={Rhialto the Marvellous },Date ={1984},Series ={Dying Earth},Number ={4},xref ={dyingearth},sortkey ={Dying Earth04},shorthand ={JV--DE4},keywords ={series},}%===============================
@booksetelement{bsm38,Title ={Suldrun's Garden },Date ={1983},Series ={Lyonesse},Number ={1},xref ={lyonesse},sortkey ={Lyonesse01},shorthand ={JV--Lyon1},keywords ={series},}
@booksetelement{bsm39,Title ={The Green Pearl },Date ={1985},Series ={Lyonesse},Number ={2},xref ={lyonesse},sortkey ={Lyonesse02},shorthand ={JV--Lyon2},keywords ={series},}
@booksetelement{bsm40,Title ={Madouc },Date ={1989},Series ={Lyonesse},Number ={3},xref ={lyonesse},sortkey ={Lyonesse03},shorthand ={JV--Lyon3},keywords ={series},}%===============================
@booksetelement{bsm41,Title ={The Star King },Date ={1964},Series ={Demon Princes},Number ={1},xref ={thedemonprinces},sortkey ={Demon Princes01},shorthand ={JV--DemP1},keywords ={series},}
@booksetelement{bsm42,Title ={The Killing Machine },Date ={1964},Series ={Demon Princes},Number ={2},xref ={thedemonprinces},sortkey ={Demon Princes02},shorthand ={JV--DemP2},keywords ={series},}
@booksetelement{bsm43,Title ={The Palace of Love },Date ={1967},Series ={Demon Princes},Number ={3},xref ={thedemonprinces},sortkey ={Demon Princes03},shorthand ={JV--DemP3},keywords ={series},}
@booksetelement{bsm44,Title ={The Face },Date ={1979},Series ={Demon Princes},Number ={4},xref ={thedemonprinces},sortkey ={Demon Princes04},shorthand ={JV--DemP4},keywords ={series},}
@booksetelement{bsm45,Title ={The Book of Dreams },Date ={1981},Series ={Demon Princes},Number ={5},xref ={thedemonprinces},sortkey ={Demon Princes05},shorthand ={JV--DemP5},keywords ={series},}%===============================
@booksetelement{bsm46,Title ={Araminta Station },Date ={1987},Series ={Cadwal Chronicles},Number ={1},xref ={thecadwalchronicles},sortkey ={Cadwal Chronicles01},shorthand ={JV--Cad1},keywords ={series},}
@booksetelement{bsm47,Title ={Ecce and Old Earth },Date ={1991},Series ={Cadwal Chronicles},Number ={2},xref ={thecadwalchronicles},sortkey ={Cadwal Chronicles02},shorthand ={JV--Cad2},keywords ={series},}
@booksetelement{bsm48,Title ={Throy },Date ={1992},Series ={Cadwal Chronicles},Number ={3},xref ={thecadwalchronicles},sortkey ={Cadwal Chronicles03},shorthand ={JV--Cad3},keywords ={series},}%===============================
@booksetelement{bsm49,Title ={Trullion: Alastor 2262 },Date ={1973},Series ={Alastor},Number ={1},xref ={alastor},sortkey ={Alastor01},shorthand ={JV--Ala1},keywords ={series},}
@booksetelement{bsm50,Title ={Marune: Alastor 933 },Date ={1975},Series ={Alastor},Number ={2},xref ={alastor},sortkey ={Alastor02},shorthand ={JV--Ala2},keywords ={series},}
@booksetelement{bsm51,Title ={Wyst: Alastor 1716 },Date ={1978},Series ={Alastor},Number ={3},xref ={alastor},sortkey ={Alastor03},shorthand ={JV--Ala3},keywords ={series},}%===============================
@booksetelement{bsm52,Title ={The Anome },Date ={1973},Series ={Durdane},Number ={1},xref ={durdane},sortkey ={Durdane01},shorthand ={JV--Dur1},keywords ={series},}
@booksetelement{bsm53,Title ={The Brave Free Men },Date ={1973},Series ={Durdane},Number ={2},xref ={durdane},sortkey ={Durdane02},shorthand ={JV--Dur2},keywords ={series},}
@booksetelement{bsm54,Title ={The Asutra },Date ={1974},Series ={Durdane},Number ={3},xref ={durdane},sortkey ={Durdane03},shorthand ={JV--Dur3},keywords ={series},}%===============================
@booksetelement{bsm55,Title ={City of the Chasch },Date ={1968},Series ={Tschai},Number ={1},xref ={tschai},sortkey ={Tschai01},shorthand ={JV--Tsch1},keywords ={series},}
@booksetelement{bsm56,Title ={Servants of the Wankh },Date ={1969},Series ={Tschai},Number ={2},xref ={tschai},sortkey ={Tschai02},shorthand ={JV--Tsch2},keywords ={series},}
@booksetelement{bsm57,Title ={The Dirdir },Date ={1969},Series ={Tschai},Number ={3},xref ={tschai},sortkey ={Tschai03},shorthand ={JV--Tsch3},keywords ={series},}
@booksetelement{bsm58,Title ={The Pnume },Date ={1970},Series ={Tschai},Number ={4},xref ={tschai},sortkey ={Tschai04},shorthand ={JV--Tsch4},keywords ={series},}%===============================
@booksetelement{bsm59,Title ={Northern Lights},Date ={1995},Series ={His Dark Materials},Number ={1},xref ={hisdarkmaterials},sortkey ={His Dark Materials01},shorthand ={PP--HDM1},keywords ={series},}
@booksetelement{bsm60,Title ={The Subtle Knife},Date ={1997},Series ={His Dark Materials},Number ={2},xref ={hisdarkmaterials},sortkey ={His Dark Materials02},shorthand ={PP--HDM2},keywords ={series},}
@booksetelement{bsm61,Title ={The Amber Spyglass},Date ={2000},Series ={His Dark Materials},Number ={3},xref ={hisdarkmaterials},sortkey ={His Dark Materials03},shorthand ={PP--HDM3},keywords ={series},}%===============================
@booksetelement{bsm62,Title ={The Enchanted Wood },Date ={1939},Series ={Faraway Tree},Number ={1},xref ={farawaytree},sortkey ={Faraway Tree01},shorthand ={EB--FT1},keywords ={series},}
@booksetelement{bsm63,Title ={The Magic Faraway Tree},Date ={1943},Series ={Faraway Tree},Number ={2},xref ={farawaytree},sortkey ={Faraway Tree02},shorthand ={EB--FT2},keywords ={series},}
@booksetelement{bsm64,Title ={The Folk of the Faraway Tree},Date ={1946},Series ={Faraway Tree},Number ={3},xref ={farawaytree},sortkey ={Faraway Tree03},shorthand ={EB--FT3},keywords ={series},}%===============================
@booksetelement{bsm65,Title ={The Borrowers},Date ={1952},Series ={Borrowers},Number ={1},xref ={borrowers},sortkey ={Borrowers01},shorthand ={MN--Bor1},keywords ={series},}
@booksetelement{bsm66,Title ={The Borrowers Afield},Date ={1955},Series ={Borrowers},Number ={2},xref ={borrowers},sortkey ={Borrowers02},shorthand ={MN--Bor2},keywords ={series},}
@booksetelement{bsm67,Title ={The Borrowers Afloat},Date ={1959},Series ={Borrowers},Number ={3},xref ={borrowers},sortkey ={Borrowers03},shorthand ={MN--Bor3},keywords ={series},}
@booksetelement{bsm68,Title ={The Borrowers Aloft},Date ={1961},Series ={Borrowers},Number ={4},xref ={borrowers},sortkey ={Borrowers04},shorthand ={MN--Bor4},keywords ={series},}
@booksetelement{bsm69,Title ={The Borrowers Avenged},Date ={1982},Series ={Borrowers},Number ={5},xref ={borrowers},sortkey ={Borrowers05},shorthand ={MN--Bor5},keywords ={series},}%===============================
@booksetelement{bsm70,Title ={A Wizard of Earthsea},Date ={1968},Series ={Earthsea},Number ={1},xref ={earthsea},sortkey ={Earthsea01},shorthand ={UKLG--ES1},keywords ={series},}
@booksetelement{bsm71,Title ={The Tombs of Atuan},Date ={1971},Series ={Earthsea},Number ={2},xref ={earthsea},sortkey ={Earthsea02},shorthand ={UKLG--ES2},keywords ={series},}
@booksetelement{bsm72,Title ={The Farthest Shore},Date ={1972},Series ={Earthsea},Number ={3},xref ={earthsea},sortkey ={Earthsea03},shorthand ={UKLG--ES3},keywords ={series},}
@booksetelement{bsm73,Title ={Tehanu},Date ={1990},Series ={Earthsea},Number ={4},xref ={earthsea},sortkey ={Earthsea04},shorthand ={UKLG--ES4},keywords ={series},}
@booksetelement{bsm74,Title ={Tales from Earthsea},Date ={2001},Series ={Earthsea},Number ={5},xref ={earthsea},sortkey ={Earthsea05},shorthand ={UKLG--ES5},keywords ={series},}
@booksetelement{bsm75,Title ={The Other Wind},Date ={2001},Series ={Earthsea},Number ={6},xref ={earthsea},sortkey ={Earthsea06},shorthand ={UKLG--ES6},keywords ={series},}%===============================
@booksetelement{bsm76,Title ={Jane Eyre},Date ={1847},Series ={Brontë C Novels},Number ={1},xref ={brontëcnovels},sortkey ={Brontë C Novels01},shorthand ={CB--JE},keywords ={works},}
@booksetelement{bsm77,Title ={Shirley},Date ={1849},Series ={Brontë C Novels},Number ={2},xref ={brontëcnovels},sortkey ={Brontë C Novels02},shorthand ={CB--S},keywords ={works},}
@booksetelement{bsm78,Title ={Villette},Date ={1853},Series ={Brontë C Novels},Number ={3},xref ={brontëcnovels},sortkey ={Brontë C Novels03},shorthand ={CB--VG},keywords ={works},}
@booksetelement{bsm79,Title ={The Professor},Date ={1857},Series ={Brontë C Novels},Number ={4},xref ={brontëcnovels},sortkey ={Brontë C Novels04},shorthand ={CB--TP},keywords ={works},}
@booksetelement{bsm80,Title ={Emma},Date ={1860},Series ={Brontë C Novels},Number ={5},xref ={brontëcnovels},sortkey ={Brontë C Novels05},shorthand ={CB--E},keywords ={works},}%===============================
@booksetelement{bsm81,Title ={The Poor Man and the Lady},Date ={1867},Series ={Hardy Novels},Number ={1},xref ={hardynovels},sortkey ={Hardy Novels01},shorthand ={TH--PML},keywords ={works},}
@booksetelement{bsm82,Title ={Desperate Remedies},Subtitle ={A Novel},Date ={1871},Series ={Hardy Novels},Number ={2},xref ={hardynovels},sortkey ={Hardy Novels02},shorthand ={TH--DR},keywords ={works},}
@booksetelement{bsm83,Title ={Under the Greenwood Tree},Subtitle ={A Rural Painting of the Dutch School},Date ={1872},Series ={Hardy Novels},Number ={3},xref ={hardynovels},sortkey ={Hardy Novels03},shorthand ={TH--UM},keywords ={works},}
@booksetelement{bsm84,Title ={A Pair of Blue Eyes},Subtitle ={A Novel},Date ={1873},Series ={Hardy Novels},Number ={4},xref ={hardynovels},sortkey ={Hardy Novels04},shorthand ={TH--PBE},keywords ={works},}
@booksetelement{bsm85,Title ={Far from the Madding Crowd},Date ={1874},Series ={Hardy Novels},Number ={5},xref ={hardynovels},sortkey ={Hardy Novels05},shorthand ={TH--FMC},keywords ={works},}
@booksetelement{bsm86,Title ={The Hand of Ethelberta},Subtitle ={A Comedy in Chapters},Date ={1876},Series ={Hardy Novels},Number ={6},xref ={hardynovels},sortkey ={Hardy Novels06},shorthand ={TH--HE},keywords ={works},}
@booksetelement{bsm87,Title ={The Return of the Native},Date ={1878},Series ={Hardy Novels},Number ={7},xref ={hardynovels},sortkey ={Hardy Novels07},shorthand ={TH--RN},keywords ={works},}
@booksetelement{bsm88,Title ={The Trumpet-Major },Date ={1880},Series ={Hardy Novels},Number ={8},xref ={hardynovels},sortkey ={Hardy Novels08},shorthand ={TH--TM},keywords ={works},}
@booksetelement{bsm89,Title ={A Laodicean},Subtitle ={A Story of To-day},Date ={1881},Series ={Hardy Novels},Number ={9},xref ={hardynovels},sortkey ={Hardy Novels09},shorthand ={TH--L},keywords ={works},}
@booksetelement{bsm90,Title ={Two on a Tower},Subtitle ={A Romance},Date ={1882},Series ={Hardy Novels},Number ={10},xref ={hardynovels},sortkey ={Hardy Novels10},shorthand ={TH--TT},keywords ={works},}
@booksetelement{bsm91,Title ={The Mayor of Casterbridge},Subtitle ={The Life and Death of a Man of Character},Date ={1886},Series ={Hardy Novels},Number ={11},xref ={hardynovels},sortkey ={Hardy Novels11},shorthand ={TH--MC},keywords ={works},}
@booksetelement{bsm92,Title ={The Woodlanders},Date ={1887},Series ={Hardy Novels},Number ={12},xref ={hardynovels},sortkey ={Hardy Novels12},shorthand ={TH--W},keywords ={works},}
@booksetelement{bsm93,Title ={Wessex Tales},Date ={1888},Series ={Hardy Novels},Number ={13},xref ={hardynovels},sortkey ={Hardy Novels13},shorthand ={TH--WT},keywords ={works},}
@booksetelement{bsm94,Title ={Tess of the d'Urbervilles},Subtitle ={A Pure Woman Faithfully Presented},Date ={1891},Series ={Hardy Novels},Number ={14},xref ={hardynovels},sortkey ={Hardy Novels14},shorthand ={TH--TdU},keywords ={works},}
@booksetelement{bsm95,Title ={A Group of Noble Dames },Date ={1891},Series ={Hardy Novels},Number ={15},xref ={hardynovels},sortkey ={Hardy Novels15},shorthand ={TH--GND},keywords ={works},}
@booksetelement{bsm96,Title ={Life's Little Ironies},Date ={1894},Series ={Hardy Novels},Number ={16},xref ={hardynovels},sortkey ={Hardy Novels16},shorthand ={TH--LLI},keywords ={works},}
@booksetelement{bsm97,Title ={Jude the Obscure},Date ={1895},Series ={Hardy Novels},Number ={17},xref ={hardynovels},sortkey ={Hardy Novels17},shorthand ={TH--JO},keywords ={works},}
@booksetelement{bsm98,Title ={The Well-Beloved},Subtitle ={A Sketch of a Temperament},Date ={1897},Series ={Hardy Novels},Number ={18},xref ={hardynovels},sortkey ={Hardy Novels18},shorthand ={TH--WB},keywords ={works},}%===============================
@booksetelement{bsm99,Title ={The White Peacock},Date ={1911},Series ={Lawrence Novels},Number ={1},xref ={lawrencenovels},sortkey ={Lawrence Novels01},shorthand ={DHL--WP},keywords ={works},}
@booksetelement{bsm100,Title ={The Trespasser},Date ={1912},Series ={Lawrence Novels},Number ={2},xref ={lawrencenovels},sortkey ={Lawrence Novels02},shorthand ={DHL--Tre},keywords ={works},}
@booksetelement{bsm101,Title ={Sons and Lovers},Date ={1913},Series ={Lawrence Novels},Number ={3},xref ={lawrencenovels},sortkey ={Lawrence Novels03},shorthand ={DHL--SoL},keywords ={works},}
@booksetelement{bsm102,Title ={The Prussian Officer and Other Stories},Date ={1914},Series ={Lawrence Novels},Number ={4},xref ={lawrencenovels},sortkey ={Lawrence Novels04},shorthand ={DHL--PO},keywords ={works},}
@booksetelement{bsm103,Title ={The Rainbow},Date ={1915},Series ={Lawrence Novels},Number ={5},xref ={lawrencenovels},sortkey ={Lawrence Novels05},shorthand ={DHL--R},keywords ={works},}
@booksetelement{bsm104,Title ={Women in Love},Date ={1920},Series ={Lawrence Novels},Number ={6},xref ={lawrencenovels},sortkey ={Lawrence Novels06},shorthand ={DHL--WiL},keywords ={works},}
@booksetelement{bsm105,Title ={The Lost Girl},Date ={1920},Series ={Lawrence Novels},Number ={7},xref ={lawrencenovels},sortkey ={Lawrence Novels07},shorthand ={DHL--LG},keywords ={works},}
@booksetelement{bsm106,Title ={Aaron's Rod},Date ={1922},Series ={Lawrence Novels},Number ={8},xref ={lawrencenovels},sortkey ={Lawrence Novels08},shorthand ={DHL--AR},keywords ={works},}
@booksetelement{bsm107,Title ={England, My England and Other Stories},Date ={1922},Series ={Lawrence Novels},Number ={9},xref ={lawrencenovels},sortkey ={Lawrence Novels09},shorthand ={DHL--EME},keywords ={works},}
@booksetelement{bsm108,Title ={The Horse Dealer's Daughter},Date ={1922},Series ={Lawrence Novels},Number ={10},xref ={lawrencenovels},sortkey ={Lawrence Novels10},shorthand ={DHL--HDD},keywords ={works},}
@booksetelement{bsm109,Title ={Kangaroo},Date ={1923},Series ={Lawrence Novels},Number ={11},xref ={lawrencenovels},sortkey ={Lawrence Novels11},shorthand ={DHL--K},keywords ={works},}
@booksetelement{bsm110,Title ={The Fox, The Captain's Doll, The Ladybird},Date ={1923},Series ={Lawrence Novels},Number ={12},xref ={lawrencenovels},sortkey ={Lawrence Novels12},shorthand ={DHL--FC},keywords ={works},}
@booksetelement{bsm111,Title ={The Boy in the Bush},Date ={1924},Series ={Lawrence Novels},Number ={13},xref ={lawrencenovels},sortkey ={Lawrence Novels13},shorthand ={DHL--BB},keywords ={works},}
@booksetelement{bsm112,Title ={St Mawr and other stories},Date ={1925},Series ={Lawrence Novels},Number ={14},xref ={lawrencenovels},sortkey ={Lawrence Novels14},shorthand ={DHL--StM},keywords ={works},}
@booksetelement{bsm113,Title ={The Plumed Serpent},Date ={1926},Series ={Lawrence Novels},Number ={15},xref ={lawrencenovels},sortkey ={Lawrence Novels15},shorthand ={DHL--PS},keywords ={works},}
@booksetelement{bsm114,Title ={The Rocking-Horse Winner},Date ={1926},Series ={Lawrence Novels},Number ={16},xref ={lawrencenovels},sortkey ={Lawrence Novels16},shorthand ={DHL--RHW},keywords ={works},}
@booksetelement{bsm115,Title ={Lady Chatterley's Lover},Date ={1928},Series ={Lawrence Novels},Number ={17},xref ={lawrencenovels},sortkey ={Lawrence Novels17},shorthand ={DHL--LCL},keywords ={works},}
@booksetelement{bsm116,Title ={The Woman who Rode Away and other stories},Date ={1928},Series ={Lawrence Novels},Number ={18},xref ={lawrencenovels},sortkey ={Lawrence Novels18},shorthand ={DHL--WR},keywords ={works},}
@booksetelement{bsm117,Title ={The Escaped Cock},Date ={1929},Series ={Lawrence Novels},Number ={19},xref ={lawrencenovels},sortkey ={Lawrence Novels19},shorthand ={DHL--EC},keywords ={works},}
@booksetelement{bsm118,Title ={Mother and Daughter},Date ={1929},Series ={Lawrence Novels},Number ={20},xref ={lawrencenovels},sortkey ={Lawrence Novels20},shorthand ={DHL--MD},keywords ={works},}
@booksetelement{bsm119,Title ={The Virgin and the Gipsy and Other Stories},Date ={1930},Series ={Lawrence Novels},Number ={21},xref ={lawrencenovels},sortkey ={Lawrence Novels21},shorthand ={DHL--VG},keywords ={works},}
@booksetelement{bsm120,Title ={Love Among the Haystacks and other stories},Date ={1930},Series ={Lawrence Novels},Number ={22},xref ={lawrencenovels},sortkey ={Lawrence Novels22},shorthand ={DHL--LAH},keywords ={works},}
@booksetelement{bsm121,Title ={The Lovely Lady and other tales},Date ={1932},Series ={Lawrence Novels},Number ={23},xref ={lawrencenovels},sortkey ={Lawrence Novels23},shorthand ={DHL--LL},keywords ={works},}%===============================
@booksetelement{bsm122,Title ={The Pickwick Papers},longtitle ={The Posthumous Papers of the Pickwick Club},Date ={1836-11/1837-11},Series ={Dickens Novels},Number ={1},xref ={dickensnovels},sortkey ={Dickens Novels01},shorthand ={CD--PP},keywords ={works},}
@booksetelement{bsm123,Title ={Oliver Twist},longtitle ={The Adventures of Oliver Twist},Date ={1837-02/1839-04},Series ={Dickens Novels},Number ={2},xref ={dickensnovels},sortkey ={Dickens Novels02},shorthand ={CD--OT},keywords ={works},}
@booksetelement{bsm124,Title ={Nicholas Nickleby},longtitle ={The Life and Adventures of Nicholas Nickleby},Date ={1838-04/1839-10},Series ={Dickens Novels},Number ={3},xref ={dickensnovels},sortkey ={Dickens Novels03},shorthand ={CD--NN},keywords ={works},}
@booksetelement{bsm125,Title ={The Old Curiosity Shop},Date ={1840-04/1841-11},Series ={Dickens Novels},Number ={4},xref ={dickensnovels},sortkey ={Dickens Novels04},shorthand ={CD--OCS},keywords ={works},}
@booksetelement{bsm126,Title ={Barnaby Rudge},longtitle ={Barnaby Rudge},longsubtitle ={A Tale of the Riots of Eighty},Date ={1841-02/1841-11},Series ={Dickens Novels},Number ={5},xref ={dickensnovels},sortkey ={Dickens Novels05},shorthand ={CD--BR},keywords ={works},}
@booksetelement{bsm127,Title ={A Christmas Carol},longtitle ={A Christmas Carol in Prose},longsubtitle ={Being a Ghost-story of Christmas},Date ={1843},Series ={Dickens Novels},Number ={6},xref ={dickensnovels},sortkey ={Dickens Novels06},shorthand ={CD--CC},keywords ={works},}
@booksetelement{bsm128,Title ={Martin Chuzzlewit},longtitle ={The Life and Adventures of Martin Chuzzlewit},Date ={1843-01/1844-07},Series ={Dickens Novels},Number ={7},xref ={dickensnovels},sortkey ={Dickens Novels07},shorthand ={CD--MC},keywords ={works},}
@booksetelement{bsm129,Title ={The Chimes},longtitle ={The Chimes},longsubtitle ={A Goblin Story of Some Bells That Rang an Old Year Out and a New Year In},Date ={1844},Series ={Dickens Novels},Number ={8},xref ={dickensnovels},sortkey ={Dickens Novels08},shorthand ={CD--C},keywords ={works},}
@booksetelement{bsm130,Title ={The Cricket on the Hearth},longtitle ={The Cricket on the Hearth},longsubtitle ={A Fairy Tale of Home},Date ={1845},Series ={Dickens Novels},Number ={9},xref ={dickensnovels},sortkey ={Dickens Novels09},shorthand ={CD--CH},keywords ={works},}
@booksetelement{bsm131,Title ={Dombey and Son},longtitle ={Dealings with the Firm of Dombey and Son},longsubtitle ={Wholesale, Retail and for Exportation},Date ={1846-10/1848-04},Series ={Dickens Novels},Number ={10},xref ={dickensnovels},sortkey ={Dickens Novels10},shorthand ={CD--DS},keywords ={works},}
@booksetelement{bsm132,Title ={The Haunted Man},longtitle ={The Haunted Man and the Ghost's Bargain},longsubtitle ={A Fancy for Christmas-time},Date ={1848},Series ={Dickens Novels},Number ={11},xref ={dickensnovels},sortkey ={Dickens Novels11},shorthand ={CD--HM},keywords ={works},}
@booksetelement{bsm133,Title ={David Copperfield},longtitle ={The Personal History, Adventures, Experience and Observation of David Copperfield the Younger of Blunderstone Rookery [Which He Never Meant to Publish on Any Account]},Date ={1849-05/1850-11},Series ={Dickens Novels},Number ={12},xref ={dickensnovels},sortkey ={Dickens Novels12},shorthand ={CD--DC},keywords ={works},}
@booksetelement{bsm134,Title ={Bleak House},Date ={1853},Series ={Dickens Novels},Number ={13},xref ={dickensnovels},sortkey ={Dickens Novels13},shorthand ={CD--BH},keywords ={works},}
@booksetelement{bsm135,Title ={Hard Times},longtitle ={Hard Times},longsubtitle ={For These Times},Date ={1854-04/1854-08},Series ={Dickens Novels},Number ={14},xref ={dickensnovels},sortkey ={Dickens Novels14},shorthand ={CD--HT},keywords ={works},}
@booksetelement{bsm136,Title ={Little Dorrit},Date ={1854},Series ={Dickens Novels},Number ={15},xref ={dickensnovels},sortkey ={Dickens Novels15},shorthand ={CD--LD},keywords ={works},}
@booksetelement{bsm137,Title ={A Tale of Two Cities},Date ={1859-04/1859-11},Series ={Dickens Novels},Number ={16},xref ={dickensnovels},sortkey ={Dickens Novels16},shorthand ={CD--TTC},keywords ={works},}
@booksetelement{bsm138,Title ={Great Expectations},Date ={1860-12/1861-08},Series ={Dickens Novels},Number ={17},xref ={dickensnovels},sortkey ={Dickens Novels17},shorthand ={CD--GE},keywords ={works},}
@booksetelement{bsm139,Title ={Our Mutual Friend},Date ={1864-05/1865-11},Series ={Dickens Novels},Number ={18},xref ={dickensnovels},sortkey ={Dickens Novels18},shorthand ={CD--OMF},keywords ={works},}
@booksetelement{bsm140,Title ={The Signal-Man},Date ={1866},Series ={Dickens Novels},Number ={19},xref ={dickensnovels},sortkey ={Dickens Novels19},shorthand ={CD--SM},keywords ={works},}
@booksetelement{bsm141,Title ={Edwin Drood},longtitle ={The Mystery of Edwin Drood},Date ={1870-04/1870-09},Series ={Dickens Novels},Number ={20},xref ={dickensnovels},sortkey ={Dickens Novels20},shorthand ={CD--ED},keywords ={works},}%===============================
@booksetelement{bsm142,Title ={Advice},Date ={1746},Series ={Smollett Works},Number ={1},xref ={smollettworks},sortkey ={Smollett Works01},shorthand ={TS--Adv},keywords ={works},}
@booksetelement{bsm143,Title ={Reproof},Subtitle ={A satire, a sequel to Advice},Date ={1747},Series ={Smollett Works},Number ={2},xref ={smollettworks},sortkey ={Smollett Works02},shorthand ={TS--Rep},keywords ={works},}
@booksetelement{bsm144,Title ={The Adventures of Gil Blas of Santillane},Date ={1748},Series ={Smollett Works},Number ={3},xref ={smollettworks},sortkey ={Smollett Works03},shorthand ={TS--Gil},keywords ={works},}
@booksetelement{bsm145,Title ={The Adventures of Roderick Random},Date ={1748},Series ={Smollett Works},Number ={4},xref ={smollettworks},sortkey ={Smollett Works04},shorthand ={TS--Rod},keywords ={works},}
@booksetelement{bsm146,Title ={The Regicide; or, James the First, of Scotland},Subtitle ={A tragedy},Date ={1749},Series ={Smollett Works},Number ={5},xref ={smollettworks},sortkey ={Smollett Works05},shorthand ={TS--Reg},keywords ={works},}
@booksetelement{bsm147,Title ={The Adventures of Peregrine Pickle},Date ={1751},Series ={Smollett Works},Number ={6},xref ={smollettworks},sortkey ={Smollett Works06},shorthand ={TS--Per},keywords ={works},}
@booksetelement{bsm148,Title ={The Adventures of Ferdinand Count Fathom},Date ={1753},Series ={Smollett Works},Number ={7},xref ={smollettworks},sortkey ={Smollett Works07},shorthand ={TS--Fer},keywords ={works},}
@booksetelement{bsm149,Title ={The History and Adventures of the Renowned Don Quixote, translated from the original Spanish of Cervantes},Date ={1755},Series ={Smollett Works},Number ={8},xref ={smollettworks},sortkey ={Smollett Works08},shorthand ={TS--Qui},keywords ={works},}
@booksetelement{bsm150,Title ={A Compendium of Authentic and Entertaining Voyages},Date ={1756},Series ={Smollett Works},Number ={9},xref ={smollettworks},sortkey ={Smollett Works09},shorthand ={TS--Voy},keywords ={works},}
@booksetelement{bsm151,Title ={The Reprisal; or, The Tars of Old England},Date ={1757},Series ={Smollett Works},Number ={10},xref ={smollettworks},sortkey ={Smollett Works10},shorthand ={TS--Tar},keywords ={works},}
@booksetelement{bsm152,Title ={The Works of Voltaire},Date ={    1761/1765},Series ={Smollett Works},Number ={11},xref ={smollettworks},sortkey ={Smollett Works11},shorthand ={TS--Vol},keywords ={works},}
@booksetelement{bsm153,Title ={The Life and Adventures of Sir Launcelot Greave},Date ={1762},Series ={Smollett Works},Number ={12},xref ={smollettworks},sortkey ={Smollett Works12},shorthand ={TS--Gre},keywords ={works},}
@booksetelement{bsm154,Title ={Travels through France and Italy},Date ={1766},Series ={Smollett Works},Number ={13},xref ={smollettworks},sortkey ={Smollett Works13},shorthand ={TS--Tra},keywords ={works},}
@booksetelement{bsm155,Title ={The Present State of all Nations},Date ={    1768/1769},Series ={Smollett Works},Number ={14},xref ={smollettworks},sortkey ={Smollett Works14},shorthand ={TS--Nat},keywords ={works},}
@booksetelement{bsm156,Title ={The History and Adventures of an Atom},Date ={1769},Series ={Smollett Works},Number ={15},xref ={smollettworks},sortkey ={Smollett Works15},shorthand ={TS--Atm},keywords ={works},}
@booksetelement{bsm157,Title ={The Expedition of Humphry Clinker},Date ={1771},Series ={Smollett Works},Number ={16},xref ={smollettworks},sortkey ={Smollett Works16},shorthand ={TS--Hum},keywords ={works},}
%===============================

%===============================
%@booksetelementr{bsm142r,Title ={Advice},Date ={1746},Series ={Smollett Works},Number ={1},xref ={smollettworksr},sortkey ={Smollett Works01},shorthand ={TS--Adv},keywords ={works},}
%@booksetelementr{bsm143r,Title ={Reproof},Subtitle ={A satire, a sequel to Advice},Date ={1747},Series ={Smollett Works},Number ={2},xref ={smollettworksr},sortkey ={Smollett Works02},shorthand ={TS--Rep},keywords ={works},}
%@booksetelementr{bsm144r,Title ={The Adventures of Gil Blas of Santillane},Date ={1748},Series ={Smollett Works},Number ={3},xref ={smollettworksr},sortkey ={Smollett Works03},shorthand ={TS--Gil},keywords ={works},}
%@booksetelementr{bsm145r,Title ={The Adventures of Roderick Random},Date ={1748},Series ={Smollett Works},Number ={4},xref ={smollettworksr},sortkey ={Smollett Works04},shorthand ={TS--Rod},keywords ={works},}
%@booksetelementr{bsm146r,Title ={The Regicide; or, James the First, of Scotland},Subtitle ={A tragedy},Date ={1749},Series ={Smollett Works},Number ={5},xref ={smollettworksr},sortkey ={Smollett Works05},shorthand ={TS--Reg},keywords ={works},}
%@booksetelementr{bsm147r,Title ={The Adventures of Peregrine Pickle},Date ={1751},Series ={Smollett Works},Number ={6},xref ={smollettworksr},sortkey ={Smollett Works06},shorthand ={TS--Per},keywords ={works},}
%@booksetelementr{bsm148r,Title ={The Adventures of Ferdinand Count Fathom},Date ={1753},Series ={Smollett Works},Number ={7},xref ={smollettworksr},sortkey ={Smollett Works07},shorthand ={TS--Fer},keywords ={works},}
%@booksetelementr{bsm149r,Title ={The History and Adventures of the Renowned Don Quixote, translated from the original Spanish of Cervantes},Date ={1755},Series ={Smollett Works},Number ={8},xref ={smollettworksr},sortkey ={Smollett Works08},shorthand ={TS--Qui},keywords ={works},}
%@booksetelementr{bsm150r,Title ={A Compendium of Authentic and Entertaining Voyages},Date ={1756},Series ={Smollett Works},Number ={9},xref ={smollettworksr},sortkey ={Smollett Works09},shorthand ={TS--Voy},keywords ={works},}
%@booksetelementr{bsm151r,Title ={The Reprisal; or, The Tars of Old England},Date ={1757},Series ={Smollett Works},Number ={10},xref ={smollettworksr},sortkey ={Smollett Works10},shorthand ={TS--Tar},keywords ={works},}
%@booksetelementr{bsm152r,Title ={The Works of Voltaire},Date ={    1761/1765},Series ={Smollett Works},Number ={11},xref ={smollettworksr},sortkey ={Smollett Works11},shorthand ={TS--Vol},keywords ={works},}
%@booksetelementr{bsm153r,Title ={The Life and Adventures of Sir Launcelot Greave},Date ={1762},Series ={Smollett Works},Number ={12},xref ={smollettworksr},sortkey ={Smollett Works12},shorthand ={TS--Gre},keywords ={works},}
%@booksetelementr{bsm154r,Title ={Travels through France and Italy},Date ={1766},Series ={Smollett Works},Number ={13},xref ={smollettworksr},sortkey ={Smollett Works13},shorthand ={TS--Tra},keywords ={works},}
%@booksetelementr{bsm155r,Title ={The Present State of all Nations},Date ={    1768/1769},Series ={Smollett Works},Number ={14},xref ={smollettworksr},sortkey ={Smollett Works14},shorthand ={TS--Nat},keywords ={works},}
%@booksetelementr{bsm156r,Title ={The History and Adventures of an Atom},Date ={1769},Series ={Smollett Works},Number ={15},xref ={smollettworksr},sortkey ={Smollett Works15},shorthand ={TS--Atm},keywords ={works},}
%@booksetelementr{bsm157r,Title ={The Expedition of Humphry Clinker},Date ={1771},Series ={Smollett Works},Number ={16},xref ={smollettworksr},sortkey ={Smollett Works16},shorthand ={TS--Hum},keywords ={works},}
%===============================















@syllabus{esnonfiction,
   title={Non-fiction},
   sorttitle={ennonfiction},
	level1 = {English Syllabus},
  related = {kontiki},
  relatedtype = {archive},
}


@syllabus{kontiki,
	level2 = {The Kon-Tiki Expedition},
  xref = {esnonfiction},
  shorthandintro={My Days on a Raft},
  shorthand={xxx},
  options = {dataonly},
  pagination = {chapter},
  }



@syllabus{esdrama,
   title={Drama},
   sorttitle={enDrama},
	level1 = {English Syllabus},
  related = {man,cruc,glass,raj,tmov,mac,ham},
  relatedtype = {archive},
}


@syllabus{man,
	level2 = {A Man for All Seasons},
%  itemattr1 = {xxx},
  xref = {esdrama},
  options = {dataonly},
  }

@syllabus{cruc,
	level2 = {The Crucible},
%  itemattr1 = {xxx},
  xref = {esdrama},
  options = {dataonly},
  }


@syllabus{glass,
	level2 = {The Glass Menagerie},
%  itemattr1 = {xxx},
  xref = {esdrama},
  options = {dataonly},
  }
  

@syllabus{raj,
	level2 = {Romeo and Juliet},
%  itemattr1 = {xxx},
  xref = {esdrama},
  options = {dataonly},
  }  



@syllabus{tmov,
	level2 = {The Merchant of Venice},
%  itemattr1 = {xxx},
  xref = {esdrama},
  options = {dataonly},
  }

@syllabus{mac,
	level2 = {Macbeth},
%  itemattr1 = {xxx},
  xref = {esdrama},
  options = {dataonly},
  }

@syllabus{ham,
	level2 = {Hamlet},
%  itemattr1 = {xxx},
  xref = {esdrama},
  options = {dataonly},
  }

%--------------------------------------
@syllabus{esnovels,
   title={Novels},
   sorttitle={enNovels},
	level1 = {English Syllabus},
  related = {solomon,lotf,farm,mock,1984,jack,finn,sal,persuasion},
  relatedtype = {archive},
}


@syllabus{persuasion,
	level2 = {Persuasion},
%  itemattr1 = {xxx},
  xref = {esnovels},
  options = {dataonly},
  }

@syllabus{solomon,
	level2 = {King Solomon's Mines},
%  itemattr1 = {xxx},
  xref = {esnovels},
  options = {dataonly},
  }


@syllabus{lotf,
	level2 = {Lord of the Flies},
%  itemattr1 = {xxx},
  xref = {esnovels},
  options = {dataonly},
  }

@syllabus{farm,
	level2 = {Animal Farm},
%  itemattr1 = {xxx},
  xref = {esnovels},
  options = {dataonly},
  }

@syllabus{1984,
	level2 = {1984},
%  itemattr1 = {xxx},
  xref = {esnovels},
  options = {dataonly},
  }

@syllabus{finn,
	level2 = {The Adventures of Huckleberry Finn},
%  itemattr1 = {xxx},
  xref = {esnovels},
  options = {dataonly},
  }

@syllabus{mock,
	level2 = {To Kill a Mockingbird},
%  itemattr1 = {xxx},
  xref = {esnovels},
  options = {dataonly},
  }



@syllabus{jack,
	level2 = {My Brother Jack},
%  itemattr1 = {xxx},
  xref = {esnovels},
  options = {dataonly},
  }


@syllabus{sal,
	level2 = {Sons and Lovers},
%  itemattr1 = {xxx},
  xref = {esnovels},
  options = {dataonly},
  }
  
%-------------------------------------

@bibtvseries{lis,title={Lost in Space},titleabbrev={LiS},date={1965/1968},numberseasons={3},numberepisodes={83},episodelength={40},genre={science fiction},genreb={space adventure},setting={outer space},timeperiod={1999},producer={Irwin Allen},premise={space family explorers lost in space},like={Swiss Family Robinson in space},keywords={tv series},}
@bibtvseries{gi,title={Gilligan's Island},titleabbrev={GI},date={1964/1967},numberseasons={3},numberepisodes={98},episodelength={20},timeperiod={present},producer={Sherwood Schwartz},creator={Sherwood Schwartz},keywords={tv series},}
@bibtvseries{iat,title={It's About Time},titleabbrev={IAT},date={1966/1967},numberseasons={1},numberepisodes={26},episodelength={20},genre={science fiction},genreb={space adventure},setting={Earth},timeperiod={present},producer={Sherwood Schwartz},keywords={tv series},}
@bibtvseries{b5,title={Babylon 5},titleabbrev={B5},date={1994/1999},numberseasons={5},numberepisodes={110},episodelength={40},genre={science fiction},genreb={space adventure},setting={outer space},timeperiod={2278 and environs},producer={J Michael Straczynski},creator={J Michael Straczynski},keywords={tv series,robot},}


@bibtvepisode{lis1,episodetitle ={The Reluctant Stowaway},episodecount ={1},seriesnumber ={1},episodenumber ={1},director ={Anton M Leader},writer ={S Bar-David},crossref ={lis},keywords={tv series},}
@bibtvepisode{lis2,episodetitle ={The Derelict},episodecount ={2},seriesnumber ={1},episodenumber ={2},director ={Alexander Singer},writer ={S Bar-David},writertype={story},crossref ={lis},keywords={tv series},}
@bibtvepisode{lis3,episodetitle ={Island in the Sky},episodecount ={3},seriesnumber ={1},episodenumber ={3},director ={Anton M Leader},writer ={S Bar-David},writertype={story},crossref ={lis},keywords={tv series},}
@bibtvepisode{lis4,episodetitle ={There Were Giants in the Earth},episodecount ={4},seriesnumber ={1},episodenumber ={4},director ={Leo Penn},writer ={S Bar-David},writertype={story},crossref ={lis},keywords={tv series},}
@bibtvepisode{lis5,episodetitle ={The Hungry Sea},episodecount ={5},seriesnumber ={1},episodenumber ={5},director ={Sobey Martin},writer ={S Bar-David},writertype={story},crossref ={lis},keywords={tv series},}
@bibtvepisode{lis6,episodetitle ={Welcome Stranger},episodecount ={6},seriesnumber ={1},episodenumber ={6},director ={Alvin Ganzer},writer ={Peter Packer},crossref ={lis},keywords={tv series},}
@bibtvepisode{lis7,episodetitle ={My Friend, Mr Nobody},episodecount ={7},seriesnumber ={1},episodenumber ={7},director ={Paul Stanley},writer ={Jackson Gillis},crossref ={lis},keywords={tv series},}
@bibtvepisode{lis8,episodetitle ={Invaders from the Fifth Dimension},episodecount ={8},seriesnumber ={1},episodenumber ={8},director ={Leonard Horn},writer ={S Bar-David},crossref ={lis},keywords={tv series},}
@bibtvepisode{lis9,episodetitle ={The Oasis},episodecount ={9},seriesnumber ={1},episodenumber ={9},director ={Sutton Roley},writer ={Peter Packer},crossref ={lis},keywords={tv series},}
@bibtvepisode{lis10,episodetitle ={The Sky Is Falling},episodecount ={10},seriesnumber ={1},episodenumber ={10},director ={Sobey Martin},writer ={Herman Groves},writertype={story},crossref ={lis},keywords={tv series},}
@bibtvepisode{lis11,episodetitle ={Wish Upon a Star},episodecount ={11},seriesnumber ={1},episodenumber ={11},director ={Sutton Roley},writer ={Barney Slater},crossref ={lis},keywords={tv series},}
@bibtvepisode{lis12,episodetitle ={The Raft},episodecount ={12},seriesnumber ={1},episodenumber ={12},director ={Sobey Martin},writer ={Peter Packer},crossref ={lis},keywords={tv series},}
@bibtvepisode{lis13,episodetitle ={One of Our Dogs is Missing},episodecount ={13},seriesnumber ={1},episodenumber ={13},director ={Sutton Roley},writer ={William Welch},crossref ={lis},keywords={tv series},}
@bibtvepisode{lis14,episodetitle ={Attack of the Monster Plants},episodecount ={14},seriesnumber ={1},episodenumber ={14},director ={Justus Addiss},writer ={William Read Woodfield and Allan Balter},crossref ={lis},keywords={tv series},}
@bibtvepisode{lis15,episodetitle ={Return from Outer Space},episodecount ={15},seriesnumber ={1},episodenumber ={15},director ={Nathan Juran},writer ={Peter Packer},crossref ={lis},keywords={tv series},}
@bibtvepisode{lis16,episodetitle ={The Keeper: Part 1},episodecount ={16},seriesnumber ={1},episodenumber ={16},director ={Nathan Juran},writer ={Barney Slater},crossref ={lis},keywords={tv series},}
@bibtvepisode{lis17,episodetitle ={The Keeper: Part 2},episodecount ={17},seriesnumber ={1},episodenumber ={17},director ={Harry Harris},writer ={Barney Slater},crossref ={lis},keywords={tv series},}
@bibtvepisode{lis18,episodetitle ={The Sky Pirate},episodecount ={18},seriesnumber ={1},episodenumber ={18},director ={Sobey Martin},writer ={Carey Wilber},crossref ={lis},keywords={tv series},}
@bibtvepisode{lis19,episodetitle ={Ghost in Space},episodecount ={19},seriesnumber ={1},episodenumber ={19},director ={Don Richardson},writer ={Peter Packer},crossref ={lis},keywords={tv series},}
@bibtvepisode{lis20,episodetitle ={War of the Robots},episodecount ={20},seriesnumber ={1},episodenumber ={20},director ={Sobey Martin},writer ={Barney Slater},crossref ={lis},keywords={tv series},}
@bibtvepisode{lis21,episodetitle ={The Magic Mirror},episodecount ={21},seriesnumber ={1},episodenumber ={21},director ={Nathan Juran},writer ={Jackson Gillis},crossref ={lis},keywords={tv series},}
@bibtvepisode{lis22,episodetitle ={The Challenge},episodecount ={22},seriesnumber ={1},episodenumber ={22},director ={Don Richardson},writer ={Barney Slater},crossref ={lis},keywords={tv series},}
@bibtvepisode{lis23,episodetitle ={The Space Trader},episodecount ={23},seriesnumber ={1},episodenumber ={23},director ={Nathan Juran},writer ={Barney Slater},crossref ={lis},keywords={tv series},}
@bibtvepisode{lis24,episodetitle ={His Majesty Smith},episodecount ={24},seriesnumber ={1},episodenumber ={24},director ={Harry Harris},writer ={Carey Wilber},crossref ={lis},keywords={tv series,robot},}
@bibtvepisode{lis25,episodetitle ={The Space Croppers},episodecount ={25},seriesnumber ={1},episodenumber ={25},director ={Sobey Martin},writer ={Peter Packer},crossref ={lis},keywords={tv series},}
@bibtvepisode{lis26,episodetitle ={All That Glitters},episodecount ={26},seriesnumber ={1},episodenumber ={26},director ={Harry Harris},writer ={Barney Slater},crossref ={lis},keywords={tv series},}
@bibtvepisode{lis27,episodetitle ={The Lost Civilization},episodecount ={27},seriesnumber ={1},episodenumber ={27},director ={Don Richardson},writer ={William Welch},crossref ={lis},keywords={tv series},}
@bibtvepisode{lis28,episodetitle ={A Change of Space},episodecount ={28},seriesnumber ={1},episodenumber ={28},director ={Sobey Martin},writer ={Peter Packer},crossref ={lis},keywords={tv series},}
@bibtvepisode{lis29,episodetitle ={Follow the Leader},episodecount ={29},seriesnumber ={1},episodenumber ={29},director ={Don Richardson},writer ={Barney Slater},crossref ={lis},keywords={tv series},}
@bibtvepisode{lis30,episodetitle ={Blast Off into Space},episodecount ={30},seriesnumber ={2},episodenumber ={1},director ={Nathan Juran},writer ={Peter Packer},crossref ={lis},keywords={tv series},}
@bibtvepisode{lis31,episodetitle ={Wild Adventure},episodecount ={31},seriesnumber ={2},episodenumber ={2},director ={Don Richardson},writer ={William Read Woodfield and Allan Balter},crossref ={lis},keywords={tv series},}
@bibtvepisode{lis32,episodetitle ={The Ghost Planet},episodecount ={32},seriesnumber ={2},episodenumber ={3},director ={Nathan Juran},writer ={Peter Packer},crossref ={lis},keywords={tv series},}
@bibtvepisode{lis33,episodetitle ={Forbidden World},episodecount ={33},seriesnumber ={2},episodenumber ={4},director ={Don Richardson},writer ={Barney Slater},crossref ={lis},keywords={tv series},}
@bibtvepisode{lis34,episodetitle ={Space Circus},episodecount ={34},seriesnumber ={2},episodenumber ={5},director ={Harry Harris},writer ={Bob Duncan and Wanda Duncan},crossref ={lis},keywords={tv series},}
@bibtvepisode{lis35,episodetitle ={The Prisoners of Space},episodecount ={35},seriesnumber ={2},episodenumber ={6},director ={Nathan Juran},writer ={Barney Slater},crossref ={lis},keywords={tv series},}
@bibtvepisode{lis36,episodetitle ={The Android Machine},episodecount ={36},seriesnumber ={2},episodenumber ={7},director ={Don Richardson},writer ={Bob Duncan and Wanda Duncan},crossref ={lis},keywords={tv series},}
@bibtvepisode{lis37,episodetitle ={The Deadly Games of Gamma 6},episodecount ={37},seriesnumber ={2},episodenumber ={8},director ={Nathan Juran},writer ={Barney Slater},crossref ={lis},keywords={tv series},}
@bibtvepisode{lis38,episodetitle ={The Thief from Outer Space},episodecount ={38},seriesnumber ={2},episodenumber ={9},director ={Sobey Martin},writer ={Jackson Gillis},crossref ={lis},keywords={tv series},}
@bibtvepisode{lis39,episodetitle ={Curse of Cousin Smith},episodecount ={39},seriesnumber ={2},episodenumber ={10},director ={Justus Addiss},writer ={Barney Slater},crossref ={lis},keywords={tv series},}
@bibtvepisode{lis40,episodetitle ={West of Mars},episodecount ={40},seriesnumber ={2},episodenumber ={11},director ={Nathan Juran},writer ={Michael Fessier},crossref ={lis},keywords={tv series},}
@bibtvepisode{lis41,episodetitle ={A Visit to Hades},episodecount ={41},seriesnumber ={2},episodenumber ={12},director ={Don Richardson},writer ={Carey Wilber},crossref ={lis},keywords={tv series},}
@bibtvepisode{lis42,episodetitle ={Wreck of the Robot},episodecount ={42},seriesnumber ={2},episodenumber ={13},director ={Nathan Juran},writer ={Barney Slater},crossref ={lis},keywords={tv series},}
@bibtvepisode{lis43,episodetitle ={The Dream Monster},episodecount ={43},seriesnumber ={2},episodenumber ={14},director ={Don Richardson},writer ={Peter Packer},crossref ={lis},keywords={tv series},}
@bibtvepisode{lis44,episodetitle ={The Golden Man},episodecount ={44},seriesnumber ={2},episodenumber ={15},director ={Don Richardson},writer ={Barney Slater},crossref ={lis},keywords={tv series},}
@bibtvepisode{lis45,episodetitle ={The Girl from the Green Dimension},episodecount ={45},seriesnumber ={2},episodenumber ={16},director ={Nathan Juran},writer ={Peter Packer},crossref ={lis},keywords={tv series},}
@bibtvepisode{lis46,episodetitle ={The Questing Beast},episodecount ={46},seriesnumber ={2},episodenumber ={17},director ={Don Richardson},writer ={Carey Wilbur},crossref ={lis},keywords={tv series},}
@bibtvepisode{lis47,episodetitle ={The Toymaker},episodecount ={47},seriesnumber ={2},episodenumber ={18},director ={Robert Douglas},writer ={Bob Duncan and Wanda Duncan},crossref ={lis},keywords={tv series},}
@bibtvepisode{lis48,episodetitle ={Mutiny in Space},episodecount ={48},seriesnumber ={2},episodenumber ={19},director ={Don Richardson},writer ={Peter Packer},crossref ={lis},keywords={tv series},}
@bibtvepisode{lis49,episodetitle ={The Space Vikings},episodecount ={49},seriesnumber ={2},episodenumber ={20},director ={Ezra Stone},writer ={Margaret Brookman Hill},crossref ={lis},keywords={tv series},}
@bibtvepisode{lis50,episodetitle ={Rocket to Earth},episodecount ={50},seriesnumber ={2},episodenumber ={21},director ={Don Richardson},writer ={Barney Slater},crossref ={lis},keywords={tv series},}
@bibtvepisode{lis51,episodetitle ={The Cave of the Wizards},episodecount ={51},seriesnumber ={2},episodenumber ={22},director ={Don Richardson},writer ={Peter Packer},crossref ={lis},keywords={tv series},}
@bibtvepisode{lis52,episodetitle ={Treasure of the Lost Planet},episodecount ={52},seriesnumber ={2},episodenumber ={23},director ={Harry Harris},writer ={Carey Wilber},crossref ={lis},keywords={tv series},}
@bibtvepisode{lis53,episodetitle ={Revolt of the Androids},episodecount ={53},seriesnumber ={2},episodenumber ={24},director ={Don Richardson},writer ={Bob Duncan and Wanda Duncan},crossref ={lis},keywords={tv series},}
@bibtvepisode{lis54,episodetitle ={The Colonists},episodecount ={54},seriesnumber ={2},episodenumber ={25},director ={Ezra Stone},writer ={Peter Packer},crossref ={lis},keywords={tv series},}
@bibtvepisode{lis55,episodetitle ={Trip Through the Robot},episodecount ={55},seriesnumber ={2},episodenumber ={26},director ={Don Richardson},writer ={Barney Slater},crossref ={lis},keywords={tv series},}
@bibtvepisode{lis56,episodetitle ={The Phantom Family},episodecount ={56},seriesnumber ={2},episodenumber ={27},director ={Ezra Stone},writer ={Peter Packer},crossref ={lis},keywords={tv series},}
@bibtvepisode{lis57,episodetitle ={The Mechanical Men},episodecount ={57},seriesnumber ={2},episodenumber ={28},director ={Seymour Robbie},writer ={Barney Slater},crossref ={lis},keywords={tv series},}
@bibtvepisode{lis58,episodetitle ={The Astral Traveler},episodecount ={58},seriesnumber ={2},episodenumber ={29},director ={Don Richardson},writer ={Carey Wilber},crossref ={lis},keywords={tv series},}
@bibtvepisode{lis59,episodetitle ={The Galaxy Gift},episodecount ={59},seriesnumber ={2},episodenumber ={30},director ={Ezra Stone},writer ={Barney Slater},crossref ={lis},keywords={tv series},}
@bibtvepisode{lis60,episodetitle ={Condemned of Space},episodecount ={60},seriesnumber ={3},episodenumber ={1},director ={Nathan Juran},writer ={Peter Packer},crossref ={lis},keywords={tv series},}
@bibtvepisode{lis61,episodetitle ={Visit to a Hostile Planet},episodecount ={61},seriesnumber ={3},episodenumber ={2},director ={Sobey Martin},writer ={Peter Packer},crossref ={lis},keywords={tv series},}
@bibtvepisode{lis62,episodetitle ={Kidnapped in Space},episodecount ={62},seriesnumber ={3},episodenumber ={3},director ={Don Richardson},writer ={Robert Hamner},crossref ={lis},keywords={tv series},}
@bibtvepisode{lis63,episodetitle ={Hunter's Moon},episodecount ={63},seriesnumber ={3},episodenumber ={4},director ={Don Richardson},writer ={Jack Turley},crossref ={lis},keywords={tv series},}
@bibtvepisode{lis64,episodetitle ={The Space Primevals},episodecount ={64},seriesnumber ={3},episodenumber ={5},director ={Nathan Juran},writer ={Peter Packer},crossref ={lis},keywords={tv series},}
@bibtvepisode{lis65,episodetitle ={Space Destructors},episodecount ={65},seriesnumber ={3},episodenumber ={6},director ={Don Richardson},writer ={Robert Hamner},crossref ={lis},keywords={tv series},}
@bibtvepisode{lis66,episodetitle ={The Haunted Lighthouse},episodecount ={66},seriesnumber ={3},episodenumber ={7},director ={Sobey Martin},writer ={Jackson Gillis},crossref ={lis},keywords={tv series},}
@bibtvepisode{lis67,episodetitle ={Flight into the Future},episodecount ={67},seriesnumber ={3},episodenumber ={8},director ={Sobey Martin},writer ={Peter Packer},crossref ={lis},keywords={tv series},}
@bibtvepisode{lis68,episodetitle ={Collision of Planets},episodecount ={68},seriesnumber ={3},episodenumber ={9},director ={Don Richardson},writer ={Peter Packer},crossref ={lis},keywords={tv series},}
@bibtvepisode{lis69,episodetitle ={The Space Creature},episodecount ={69},seriesnumber ={3},episodenumber ={10},director ={Sobey Martin},writer ={William Welch},crossref ={lis},keywords={tv series},}
@bibtvepisode{lis70,episodetitle ={Deadliest of the Species},episodecount ={70},seriesnumber ={3},episodenumber ={11},director ={Sobey Martin},writer ={Robert Hamner},crossref ={lis},keywords={tv series},}
@bibtvepisode{lis71,episodetitle ={A Day at the Zoo},episodecount ={71},seriesnumber ={3},episodenumber ={12},director ={Irving J. Moore},writer ={Jackson Gillis},crossref ={lis},keywords={tv series},}
@bibtvepisode{lis72,episodetitle ={Two Weeks in Space},episodecount ={72},seriesnumber ={3},episodenumber ={13},director ={Don Richardson},writer ={Robert Hamner},crossref ={lis},keywords={tv series},}
@bibtvepisode{lis73,episodetitle ={Castles in Space},episodecount ={73},seriesnumber ={3},episodenumber ={14},director ={Sobey Martin},writer ={Peter Packer},crossref ={lis},keywords={tv series},}
@bibtvepisode{lis74,episodetitle ={The Anti-Matter Man},episodecount ={74},seriesnumber ={3},episodenumber ={15},director ={Sutton Roley},writer ={K.C. Alison},crossref ={lis},keywords={tv series},}
@bibtvepisode{lis75,episodetitle ={Target Earth},episodecount ={75},seriesnumber ={3},episodenumber ={16},director ={Nathan Juran},writer ={Peter Packer},crossref ={lis},keywords={tv series},}
@bibtvepisode{lis76,episodetitle ={Princess of Space},episodecount ={76},seriesnumber ={3},episodenumber ={17},director ={Don Richardson},writer ={Jackson Gillis},crossref ={lis},keywords={tv series},}
@bibtvepisode{lis77,episodetitle ={Time Merchant},episodecount ={77},seriesnumber ={3},episodenumber ={18},director ={Ezra Stone},writer ={Bob Duncan and Wanda Duncan},crossref ={lis},keywords={tv series},}
@bibtvepisode{lis78,episodetitle ={The Promised Planet},episodecount ={78},seriesnumber ={3},episodenumber ={19},director ={Ezra Stone},writer ={Peter Packer},crossref ={lis},keywords={tv series},}
@bibtvepisode{lis79,episodetitle ={Fugitives in Space},episodecount ={79},seriesnumber ={3},episodenumber ={20},director ={Ezra Stone},writer ={Robert Hamner},crossref ={lis},keywords={tv series},}
@bibtvepisode{lis80,episodetitle ={Space Beauty},episodecount ={80},seriesnumber ={3},episodenumber ={21},director ={Irving J. Moore},writer ={Jackson Gillis},crossref ={lis},keywords={tv series},}
@bibtvepisode{lis81,episodetitle ={The Flaming Planet},episodecount ={81},seriesnumber ={3},episodenumber ={22},director ={Don Richardson},writer ={Barney Slater},crossref ={lis},keywords={tv series},}
@bibtvepisode{lis82,episodetitle ={The Great Vegetable Rebellion},episodecount ={82},seriesnumber ={3},episodenumber ={23},director ={Don Richardson},writer ={Peter Packer},crossref ={lis},keywords={tv series},}
@bibtvepisode{lis83,episodetitle ={Junkyard in Space},episodecount ={83},seriesnumber ={3},episodenumber ={24},director ={Ezra Stone},writer ={Barney Slater},crossref ={lis},keywords={tv series},}
@bibtvepisode{gi1,episodetitle ={Two on a Raft},episodecount ={1},seriesnumber ={1},episodenumber ={1},director ={John Rich},writer ={Lawrence J Cohen and Fred Freeman},crossref ={gi},keywords={tv series},}
@bibtvepisode{gi2,episodetitle ={Home Sweet Hut},episodecount ={2},seriesnumber ={1},episodenumber ={2},director ={Richard Donner},writer ={Bill Davenport and Charles Tannen},crossref ={gi},keywords={tv series},}
@bibtvepisode{gi3,episodetitle ={Voodoo Something to Me},episodecount ={3},seriesnumber ={1},episodenumber ={3},director ={John Rich},writer ={Austin Kalish and Elroy Schwartz},crossref ={gi},keywords={tv series},}
@bibtvepisode{gi4,episodetitle ={Goodnight, Sweet Skipper},episodecount ={4},seriesnumber ={1},episodenumber ={4},director ={Ida Lupino},writer ={Dick Conway and Roland MacLane},crossref ={gi},keywords={tv series},}
@bibtvepisode{gi5,episodetitle ={Wrongway Feldman},episodecount ={5},seriesnumber ={1},episodenumber ={5},director ={Ida Lupino},writer ={Fred Freeman and Lawrence J Cohen},crossref ={gi},keywords={tv series},}
@bibtvepisode{gi6,episodetitle ={President Gilligan},episodecount ={6},seriesnumber ={1},episodenumber ={6},director ={Richard Donner},writer ={Roland Wolpert},crossref ={gi},keywords={tv series},}
@bibtvepisode{gi7,episodetitle ={The Sound of Quacking},episodecount ={7},seriesnumber ={1},episodenumber ={7},director ={Thomas Montgomery},writer ={Lawrence J Cohen and Fred Freeman},crossref ={gi},keywords={tv series},}
@bibtvepisode{gi8,episodetitle ={Goodbye Island},episodecount ={8},seriesnumber ={1},episodenumber ={8},director ={John Rich},writer ={Albert E Lewin and Burt Styler},crossref ={gi},keywords={tv series},}
@bibtvepisode{gi9,episodetitle ={The Big Gold Strike},episodecount ={9},seriesnumber ={1},episodenumber ={9},director ={Stanley Z Cherry},writer ={Roland Wolpert},crossref ={gi},keywords={tv series},}
@bibtvepisode{gi10,episodetitle ={Waiting for Watubi},episodecount ={10},seriesnumber ={1},episodenumber ={10},director ={Jack Arnold},writer ={Fred Freeman and Lawrence J Cohen},crossref ={gi},keywords={tv series},}
@bibtvepisode{gi11,episodetitle ={Angel on the Island},episodecount ={11},seriesnumber ={1},episodenumber ={11},director ={Jack Arnold},writer ={Herbert Finn and Alan Dinehart},crossref ={gi},keywords={tv series,robot},}
@bibtvepisode{gi12,episodetitle ={Birds Gotta Fly, Fish Gotta Talk},episodecount ={12},seriesnumber ={1},episodenumber ={12},director ={Rod Amateau},writer ={Sherwood Schwartz and Austin Kalish and Elroy Schwartz},crossref ={gi},keywords={tv series},}
@bibtvepisode{gi13,episodetitle ={Three Million Dollars More or Less},episodecount ={13},seriesnumber ={1},episodenumber ={13},director ={Thomas Montgomery},writer ={Bill Davenport and Charles Tannen},writertype={teleplay},crossref ={gi},keywords={tv series},}
@bibtvepisode{gi14,episodetitle ={Water, Water Everywhere},episodecount ={14},seriesnumber ={1},episodenumber ={14},director ={Stanley Z Cherry},writer ={Tom Waldman and Frank Waldman},crossref ={gi},keywords={tv series},}
@bibtvepisode{gi15,episodetitle ={So Sorry, My Island Now},episodecount ={15},seriesnumber ={1},episodenumber ={15},director ={Alan Crosland, Jr},writer ={David P Harmon},crossref ={gi},keywords={tv series},}
@bibtvepisode{gi16,episodetitle ={Plant You Now, Dig You Later},episodecount ={16},seriesnumber ={1},episodenumber ={16},director ={Lawrence Dobkin},writer ={Elroy Schwartz and Oliver Crawford},crossref ={gi},keywords={tv series},}
@bibtvepisode{gi17,episodetitle ={Little Island, Big Gun},episodecount ={17},seriesnumber ={1},episodenumber ={17},director ={Abner Biberman},writer ={Dick Conway and Roland MacLane},crossref ={gi},keywords={tv series},}
@bibtvepisode{gi18,episodetitle ={X' Marks the Spot},episodecount ={18},seriesnumber ={1},episodenumber ={18},director ={Jack Arnold},writer ={Sherwood Schwartz and Elroy Schwartz},crossref ={gi},keywords={tv series},}
@bibtvepisode{gi19,episodetitle ={Gilligan Meets Jungle Boy},episodecount ={19},seriesnumber ={1},episodenumber ={19},director ={Lawrence Dobkin},writer ={Al Schwartz and Howard Merrill and Howard Harris},crossref ={gi},keywords={tv series},}
@bibtvepisode{gi20,episodetitle ={St. Gilligan and the Dragon},episodecount ={20},seriesnumber ={1},episodenumber ={20},director ={Richard Donner},writer ={Arnold Peyser and Lois Peyser},crossref ={gi},keywords={tv series},}
@bibtvepisode{gi21,episodetitle ={Big Man on Little Stick},episodecount ={21},seriesnumber ={1},episodenumber ={21},director ={Tony Leader},writer ={Charles Tannen and Lou Huston},crossref ={gi},keywords={tv series},}
@bibtvepisode{gi22,episodetitle ={Diamonds Are an Ape's Best Friend},episodecount ={22},seriesnumber ={1},episodenumber ={22},director ={Jack Arnold},writer ={Elroy Schwartz},crossref ={gi},keywords={tv series},}
@bibtvepisode{gi23,episodetitle ={How to Be a Hero},episodecount ={23},seriesnumber ={1},episodenumber ={23},director ={Tony Leader},writer ={Herbert Finn and Alan Dinehart},crossref ={gi},keywords={tv series},}
@bibtvepisode{gi24,episodetitle ={The Return of Wrongway Feldman},episodecount ={24},seriesnumber ={1},episodenumber ={24},director ={Ida Lupino and Gene Nelson},writer ={Lawrence J Cohen and Fred Freeman},crossref ={gi},keywords={tv series},}
@bibtvepisode{gi25,episodetitle ={The Matchmaker},episodecount ={25},seriesnumber ={1},episodenumber ={25},director ={Tony Leader},writer ={Joanna Lee},crossref ={gi},keywords={tv series},}
@bibtvepisode{gi26,episodetitle ={Music Hath Charm},episodecount ={26},seriesnumber ={1},episodenumber ={26},director ={Jack Arnold},writer ={Al Schwartz and Howard Harris},crossref ={gi},keywords={tv series},}
@bibtvepisode{gi27,episodetitle ={New Neighbor Sam},episodecount ={27},seriesnumber ={1},episodenumber ={27},director ={Thomas Montgomery},writer ={Charles Tannen and George O'Hanlon},crossref ={gi},keywords={tv series},}
@bibtvepisode{gi28,episodetitle ={They're Off and Running},episodecount ={28},seriesnumber ={1},episodenumber ={28},director ={Jack Arnold},writer ={Walter Black},crossref ={gi},keywords={tv series},}
@bibtvepisode{gi29,episodetitle ={Three to Get Ready},episodecount ={29},seriesnumber ={1},episodenumber ={29},director ={Jack Arnold},writer ={David P Harmon},crossref ={gi},keywords={tv series},}
@bibtvepisode{gi30,episodetitle ={Forget Me Not},episodecount ={30},seriesnumber ={1},episodenumber ={30},director ={Jack Arnold},writer ={Herbert Margolis},crossref ={gi},keywords={tv series},}
@bibtvepisode{gi31,episodetitle ={Diogenes, Won't You Please Go Home?},episodecount ={31},seriesnumber ={1},episodenumber ={31},director ={Christian Nyby},writer ={David P Harmon},crossref ={gi},keywords={tv series},}
@bibtvepisode{gi32,episodetitle ={Physical Fatness},episodecount ={32},seriesnumber ={1},episodenumber ={32},director ={Gary Nelson},writer ={Herbert Finn and Alan Dinehart},crossref ={gi},keywords={tv series},}
@bibtvepisode{gi33,episodetitle ={It's Magic},episodecount ={33},seriesnumber ={1},episodenumber ={33},director ={Jack Arnold},writer ={Al Schwartz and Bruce Howard},crossref ={gi},keywords={tv series},}
@bibtvepisode{gi34,episodetitle ={Goodbye, Old Paint},episodecount ={34},seriesnumber ={1},episodenumber ={34},director ={Jack Arnold},writer ={David P Harmon},crossref ={gi},keywords={tv series},}
@bibtvepisode{gi35,episodetitle ={My Fair Gilligan},episodecount ={35},seriesnumber ={1},episodenumber ={35},director ={Tony Leader},writer ={Joanna Lee},crossref ={gi},keywords={tv series},}
@bibtvepisode{gi36,episodetitle ={A Nose by Any Other Name},episodecount ={36},seriesnumber ={1},episodenumber ={36},director ={Hal Cooper},writer ={Elroy Schwartz},crossref ={gi},keywords={tv series},}
@bibtvepisode{gi37,episodetitle ={Gilligan's Mother-in-Law},episodecount ={37},seriesnumber ={2},episodenumber ={1},director ={Jack Arnold},writer ={Budd Grossman},crossref ={gi},keywords={tv series},}
@bibtvepisode{gi38,episodetitle ={Beauty Is as Beauty Does},episodecount ={38},seriesnumber ={2},episodenumber ={2},director ={Jack Arnold},writer ={Joanna Lee},crossref ={gi},keywords={tv series},}
@bibtvepisode{gi39,episodetitle ={The Little Dictator},episodecount ={39},seriesnumber ={2},episodenumber ={3},director ={Jack Arnold},writer ={Bob Rodgers and Sid Mandel},crossref ={gi},keywords={tv series},}
@bibtvepisode{gi40,episodetitle ={Smile, You're on Mars Camera},episodecount ={40},seriesnumber ={2},episodenumber ={4},director ={Jack Arnold},writer ={Al Schwartz and Bruce Howard},crossref ={gi},keywords={tv series},}
@bibtvepisode{gi41,episodetitle ={The Sweepstakes},episodecount ={41},seriesnumber ={2},episodenumber ={5},director ={Jack Arnold},writer ={Walter Black},crossref ={gi},keywords={tv series},}
@bibtvepisode{gi42,episodetitle ={Quick Before It Sinks},episodecount ={42},seriesnumber ={2},episodenumber ={6},director ={George Cahan},writer ={Stan Burns and Mike Marmer},crossref ={gi},keywords={tv series},}
@bibtvepisode{gi43,episodetitle ={Castaways Pictures Presents},episodecount ={43},seriesnumber ={2},episodenumber ={7},director ={Jack Arnold},writer ={Herbert Finn and Alan Dinehart},crossref ={gi},keywords={tv series},}
@bibtvepisode{gi44,episodetitle ={Agonized Labor},episodecount ={44},seriesnumber ={2},episodenumber ={8},director ={Jack Arnold},writer ={Roland MacLane},crossref ={gi},keywords={tv series},}
@bibtvepisode{gi45,episodetitle ={Nyet, Nyet -- Not Yet},episodecount ={45},seriesnumber ={2},episodenumber ={9},director ={Jack Arnold},writer ={Adele T Strassfield and Robert Riordan},crossref ={gi},keywords={tv series},}
@bibtvepisode{gi46,episodetitle ={Hi-Fi Gilligan},episodecount ={46},seriesnumber ={2},episodenumber ={10},director ={Jack Arnold},writer ={Mary C McCall, Jr},crossref ={gi},keywords={tv series},}
@bibtvepisode{gi47,episodetitle ={The Chain of Command},episodecount ={47},seriesnumber ={2},episodenumber ={11},director ={Leslie Goodwins},writer ={Arnold Peyser and Lois Peyser},crossref ={gi},keywords={tv series},}
@bibtvepisode{gi48,episodetitle ={Don't Bug the Mosquitoes},episodecount ={48},seriesnumber ={2},episodenumber ={12},director ={Steve Binder},writer ={Brad Radnitz},crossref ={gi},keywords={tv series},}
@bibtvepisode{gi49,episodetitle ={Gilligan Gets Bugged},episodecount ={49},seriesnumber ={2},episodenumber ={13},director ={Gary Nelson},writer ={Jack Gross, Jr and Michael R Stein},crossref ={gi},keywords={tv series},}
@bibtvepisode{gi50,episodetitle ={Mine Hero},episodecount ={50},seriesnumber ={2},episodenumber ={14},director ={Wilbur D'Arcy},writer ={David Braverman and Bob Marcus},crossref ={gi},keywords={tv series},}
@bibtvepisode{gi51,episodetitle ={Erika Tiffany Smith to the Rescue},episodecount ={51},seriesnumber ={2},episodenumber ={15},director ={Jack Arnold},writer ={David P Harmon},crossref ={gi},keywords={tv series},}
@bibtvepisode{gi52,episodetitle ={Not Guilty},episodecount ={52},seriesnumber ={2},episodenumber ={16},director ={Stanley Z Cherry},writer ={Roland MacLane},crossref ={gi},keywords={tv series},}
@bibtvepisode{gi53,episodetitle ={You've Been Disconnected},episodecount ={53},seriesnumber ={2},episodenumber ={17},director ={Jack Arnold},writer ={Elroy Schwartz},crossref ={gi},keywords={tv series},}
@bibtvepisode{gi54,episodetitle ={The Postman Cometh},episodecount ={54},seriesnumber ={2},episodenumber ={18},director ={Leslie Goodwins},writer ={Herbert Finn and Alan Dinehart},crossref ={gi},keywords={tv series},}
@bibtvepisode{gi55,episodetitle ={Seer Gilligan},episodecount ={55},seriesnumber ={2},episodenumber ={19},director ={Leslie Goodwins},writer ={Elroy Schwartz},crossref ={gi},keywords={tv series},}
@bibtvepisode{gi56,episodetitle ={Love Me, Love My Skipper},episodecount ={56},seriesnumber ={2},episodenumber ={20},director ={Tony Leader},writer ={Herbert Finn and Alan Dinehart},crossref ={gi},keywords={tv series},}
@bibtvepisode{gi57,episodetitle ={Gilligan's Living Doll},episodecount ={57},seriesnumber ={2},episodenumber ={21},director ={Leslie Goodwins},writer ={Bob Stevens},crossref ={gi},keywords={tv series},}
@bibtvepisode{gi58,episodetitle ={Forward March},episodecount ={58},seriesnumber ={2},episodenumber ={22},director ={Jerry Hopper},writer ={Jack Raymond},crossref ={gi},keywords={tv series},}
@bibtvepisode{gi59,episodetitle ={Ship Ahoax},episodecount ={59},seriesnumber ={2},episodenumber ={23},director ={Leslie Goodwins},writer ={Charles Tannen and George O'Hanlon},crossref ={gi},keywords={tv series},}
@bibtvepisode{gi60,episodetitle ={Feed the Kitty},episodecount ={60},seriesnumber ={2},episodenumber ={24},director ={Leslie Goodwins},writer ={JE Selby and Richard Sanville},crossref ={gi},keywords={tv series},}
@bibtvepisode{gi61,episodetitle ={Operation: Steam Heat},episodecount ={61},seriesnumber ={2},episodenumber ={25},director ={Stanley Z Cherry},writer ={Terence Maples and Joan Maples},crossref ={gi},keywords={tv series},}
@bibtvepisode{gi62,episodetitle ={Will the Real Mr. Howell Please Stand Up?},episodecount ={62},seriesnumber ={2},episodenumber ={26},director ={Jack Arnold},writer ={Budd Grossman},crossref ={gi},keywords={tv series},}
@bibtvepisode{gi63,episodetitle ={Ghost a Go-Go},episodecount ={63},seriesnumber ={2},episodenumber ={27},director ={Leslie Goodwins},writer ={Roland MacLane},crossref ={gi},keywords={tv series},}
@bibtvepisode{gi64,episodetitle ={Allergy Time},episodecount ={64},seriesnumber ={2},episodenumber ={28},director ={Jack Arnold},writer ={Budd Grossman},crossref ={gi},keywords={tv series},}
@bibtvepisode{gi65,episodetitle ={The Friendly Physician},episodecount ={65},seriesnumber ={2},episodenumber ={29},director ={Jack Arnold},writer ={Elroy Schwartz},crossref ={gi},keywords={tv series},}
@bibtvepisode{gi66,episodetitle ={V' for Vitamins},episodecount ={66},seriesnumber ={2},episodenumber ={30},director ={Jack Arnold},writer ={Barney Slater},crossref ={gi},keywords={tv series},}
@bibtvepisode{gi67,episodetitle ={Mr. and Mrs. ???},episodecount ={67},seriesnumber ={2},episodenumber ={31},director ={Gary Nelson},writer ={Jack Gross, Jr and Michael R Stein},crossref ={gi},keywords={tv series},}
@bibtvepisode{gi68,episodetitle ={Meet the Meteor},episodecount ={68},seriesnumber ={2},episodenumber ={32},director ={Jack Arnold},writer ={Elroy Schwartz},crossref ={gi},keywords={tv series},}
@bibtvepisode{gi69,episodetitle ={Up at Bat},episodecount ={69},seriesnumber ={3},episodenumber ={1},director ={Jerry Hopper},writer ={Ron Friedman},crossref ={gi},keywords={tv series},}
@bibtvepisode{gi70,episodetitle ={Gilligan vs. Gilligan},episodecount ={70},seriesnumber ={3},episodenumber ={2},director ={Jerry Hopper},writer ={Joanna Lee},crossref ={gi},keywords={tv series},}
@bibtvepisode{gi71,episodetitle ={Pass the Vegetables, Please},episodecount ={71},seriesnumber ={3},episodenumber ={3},director ={Leslie Goodwins},writer ={Elroy Schwartz},crossref ={gi},keywords={tv series},}
@bibtvepisode{gi72,episodetitle ={The Producer},episodecount ={72},seriesnumber ={3},episodenumber ={4},director ={Ida Lupino},writer ={Gerald Gardner and Dee Caruso},crossref ={gi},keywords={tv series},}
@bibtvepisode{gi73,episodetitle ={Voodoo},episodecount ={73},seriesnumber ={3},episodenumber ={5},director ={George Cahan},writer ={Herbert Finn and Alan Dinehart},crossref ={gi},keywords={tv series},}
@bibtvepisode{gi74,episodetitle ={Where There's a Will},episodecount ={74},seriesnumber ={3},episodenumber ={6},director ={Charles Norton},writer ={Sid Mandel and Roy Kammerman},crossref ={gi},keywords={tv series},}
@bibtvepisode{gi75,episodetitle ={Man with a Net},episodecount ={75},seriesnumber ={3},episodenumber ={7},director ={Leslie Goodwins},writer ={Budd Grossman},crossref ={gi},keywords={tv series},}
@bibtvepisode{gi76,episodetitle ={Hair Today, Gone Tomorrow},episodecount ={76},seriesnumber ={3},episodenumber ={8},director ={Tony Leader},writer ={Brad Radnitz},crossref ={gi},keywords={tv series},}
@bibtvepisode{gi77,episodetitle ={Ring Around Gilligan},episodecount ={77},seriesnumber ={3},episodenumber ={9},director ={George Cahan},writer ={John Fenton Murray},crossref ={gi},keywords={tv series},}
@bibtvepisode{gi78,episodetitle ={Topsy-Turvy},episodecount ={78},seriesnumber ={3},episodenumber ={10},director ={Gary Nelson},writer ={Elroy Schwartz},crossref ={gi},keywords={tv series},}
@bibtvepisode{gi79,episodetitle ={The Invasion},episodecount ={79},seriesnumber ={3},episodenumber ={11},director ={Leslie Goodwins},writer ={Sam Locke and Joel Rapp},crossref ={gi},keywords={tv series},}
@bibtvepisode{gi80,episodetitle ={The Kidnapper},episodecount ={80},seriesnumber ={3},episodenumber ={12},director ={Jerry Hopper},writer ={Ray Singer},crossref ={gi},keywords={tv series},}
@bibtvepisode{gi81,episodetitle ={And Then There Were None},episodecount ={81},seriesnumber ={3},episodenumber ={13},director ={Jerry Hopper},writer ={Ron Friedman},crossref ={gi},keywords={tv series},}
@bibtvepisode{gi82,episodetitle ={All About Eva},episodecount ={82},seriesnumber ={3},episodenumber ={14},director ={Jerry Hopper},writer ={Joanna Lee},crossref ={gi},keywords={tv series},}
@bibtvepisode{gi83,episodetitle ={Gilligan Goes Gung-Ho},episodecount ={83},seriesnumber ={3},episodenumber ={15},director ={Robert Scheerer},writer ={Bruce Howard},crossref ={gi},keywords={tv series},}
@bibtvepisode{gi84,episodetitle ={Take a Dare},episodecount ={84},seriesnumber ={3},episodenumber ={16},director ={Stanley Z Cherry},writer ={Roland MacLane},crossref ={gi},keywords={tv series},}
@bibtvepisode{gi85,episodetitle ={Court-Martial},episodecount ={85},seriesnumber ={3},episodenumber ={17},director ={Gary Nelson},writer ={Roland MacLane},crossref ={gi},keywords={tv series},}
@bibtvepisode{gi86,episodetitle ={The Hunter},episodecount ={86},seriesnumber ={3},episodenumber ={18},director ={Leslie Goodwins},writer ={Ben Gershman and William Freedman},crossref ={gi},keywords={tv series},}
@bibtvepisode{gi87,episodetitle ={Lovey's Secret Admirer},episodecount ={87},seriesnumber ={3},episodenumber ={19},director ={David Orrick McDearmon},writer ={Herbert Finn and Alan Dinehart},crossref ={gi},keywords={tv series},}
@bibtvepisode{gi88,episodetitle ={Our Vines Have Tender Apes},episodecount ={88},seriesnumber ={3},episodenumber ={20},director ={David Orrick McDearmon},writer ={Sid Mandel and Roy Kammerman},crossref ={gi},keywords={tv series},}
@bibtvepisode{gi89,episodetitle ={Gilligan's Personal Magnetism},episodecount ={89},seriesnumber ={3},episodenumber ={21},director ={Hal Cooper},writer ={Bruce Howard},crossref ={gi},keywords={tv series},}
@bibtvepisode{gi90,episodetitle ={Splashdown},episodecount ={90},seriesnumber ={3},episodenumber ={22},director ={Jerry Hopper},writer ={John Fenton Murray},crossref ={gi},keywords={tv series},}
@bibtvepisode{gi91,episodetitle ={High Man on the Totem Pole},episodecount ={91},seriesnumber ={3},episodenumber ={23},director ={Herbert Coleman},writer ={Brad Radnitz},crossref ={gi},keywords={tv series},}
@bibtvepisode{gi92,episodetitle ={The Second Ginger Grant},episodecount ={92},seriesnumber ={3},episodenumber ={24},director ={Steve Binder},writer ={Ron Friedman},crossref ={gi},keywords={tv series},}
@bibtvepisode{gi93,episodetitle ={The Secret of Gilligan's Island},episodecount ={93},seriesnumber ={3},episodenumber ={25},director ={Gary Nelson},writer ={Bruce Howard},writertype={teleplay},crossref ={gi},keywords={tv series},}
@bibtvepisode{gi94,episodetitle ={Slave Girl},episodecount ={94},seriesnumber ={3},episodenumber ={26},director ={Wilbur D'Arcy},writer ={Michael Fessier},crossref ={gi},keywords={tv series},}
@bibtvepisode{gi95,episodetitle ={It's a Bird, It's a Plane},episodecount ={95},seriesnumber ={3},episodenumber ={27},director ={Gary Nelson},writer ={Sam Locke and Joel Rapp},crossref ={gi},keywords={tv series},}
@bibtvepisode{gi96,episodetitle ={The Pigeon},episodecount ={96},seriesnumber ={3},episodenumber ={28},director ={Michael Kane},writer ={Brad Radnitz},writertype={teleplay},crossref ={gi},keywords={tv series},}
@bibtvepisode{gi97,episodetitle ={Bang! Bang! Bang!},episodecount ={97},seriesnumber ={3},episodenumber ={29},director ={Charles Norton},writer ={Leonard Goldstein},crossref ={gi},keywords={tv series},}
@bibtvepisode{gi98,episodetitle ={Gilligan, the Goddess},episodecount ={98},seriesnumber ={3},episodenumber ={30},director ={Gary Nelson},writer ={Jack Paritz and Bob Rodgers},crossref ={gi},keywords={tv series},}
@bibtvepisode{iat1,episodetitle ={And Then I Wrote 'Happy Birthday to You'},episodecount ={1},seriesnumber ={1},episodenumber ={1},crossref ={iat},keywords={tv series},}
@bibtvepisode{iat2,episodetitle ={The Copper Caper},episodecount ={2},seriesnumber ={1},episodenumber ={2},crossref ={iat},keywords={tv series},}
@bibtvepisode{iat3,episodetitle ={The Initiation},episodecount ={3},seriesnumber ={1},episodenumber ={3},crossref ={iat},keywords={tv series},}
@bibtvepisode{iat4,episodetitle ={Tailor Made Hero},episodecount ={4},seriesnumber ={1},episodenumber ={4},crossref ={iat},keywords={tv series},}
@bibtvepisode{iat5,episodetitle ={The Rainmakers},episodecount ={5},seriesnumber ={1},episodenumber ={5},crossref ={iat},keywords={tv series},}
@bibtvepisode{iat6,episodetitle ={Me Caveman—You Woman},episodecount ={6},seriesnumber ={1},episodenumber ={6},crossref ={iat},keywords={tv series},}
@bibtvepisode{iat7,episodetitle ={The Champ},episodecount ={7},seriesnumber ={1},episodenumber ={7},crossref ={iat},keywords={tv series},}
@bibtvepisode{iat8,episodetitle ={Mark Your Ballots},episodecount ={8},seriesnumber ={1},episodenumber ={8},crossref ={iat},keywords={tv series},}
@bibtvepisode{iat9,episodetitle ={Have I Got A Girl for You},episodecount ={9},seriesnumber ={1},episodenumber ={9},crossref ={iat},keywords={tv series},}
@bibtvepisode{iat10,episodetitle ={Cave Movies},episodecount ={10},seriesnumber ={1},episodenumber ={10},crossref ={iat},keywords={tv series},}
@bibtvepisode{iat11,episodetitle ={Androcles and Clon},episodecount ={11},seriesnumber ={1},episodenumber ={11},crossref ={iat},keywords={tv series},}
@bibtvepisode{iat12,episodetitle ={Love Me, Love My Gnook},episodecount ={12},seriesnumber ={1},episodenumber ={12},crossref ={iat},keywords={tv series},}
@bibtvepisode{iat13,episodetitle ={The Broken Idol},episodecount ={13},seriesnumber ={1},episodenumber ={13},crossref ={iat},keywords={tv series},}
@bibtvepisode{iat14,episodetitle ={The Sacrifice},episodecount ={14},seriesnumber ={1},episodenumber ={14},crossref ={iat},keywords={tv series},}
@bibtvepisode{iat15,episodetitle ={King Hec},episodecount ={15},seriesnumber ={1},episodenumber ={15},crossref ={iat},keywords={tv series},}
@bibtvepisode{iat16,episodetitle ={The Mother-in-law},episodecount ={16},seriesnumber ={1},episodenumber ={16},crossref ={iat},keywords={tv series},}
@bibtvepisode{iat17,episodetitle ={Which Doctor's Witch?},episodecount ={17},seriesnumber ={1},episodenumber ={17},crossref ={iat},keywords={tv series},}
@bibtvepisode{iat18,episodetitle ={To Catch a Thief},episodecount ={18},seriesnumber ={1},episodenumber ={18},crossref ={iat},keywords={tv series},}
@bibtvepisode{iat19,episodetitle ={20th Century Here We Come},episodecount ={19},seriesnumber ={1},episodenumber ={19},crossref ={iat},keywords={tv series},}
@bibtvepisode{iat20,episodetitle ={Shad Rack and Other Tortures},episodecount ={20},seriesnumber ={1},episodenumber ={20},crossref ={iat},keywords={tv series},}
@bibtvepisode{iat21,episodetitle ={The Cave Family Swingers},episodecount ={21},seriesnumber ={1},episodenumber ={21},crossref ={iat},keywords={tv series},}
@bibtvepisode{iat22,episodetitle ={To Sign or Not to Sign},episodecount ={22},seriesnumber ={1},episodenumber ={22},crossref ={iat},keywords={tv series},}
@bibtvepisode{iat23,episodetitle ={School Days, School Days},episodecount ={23},seriesnumber ={1},episodenumber ={23},crossref ={iat},keywords={tv series},}
@bibtvepisode{iat24,episodetitle ={Our Brothers' Keepers},episodecount ={24},seriesnumber ={1},episodenumber ={24},crossref ={iat},keywords={tv series},}
@bibtvepisode{iat25,episodetitle ={The Stone Age Diplomats},episodecount ={25},seriesnumber ={1},episodenumber ={25},crossref ={iat},keywords={tv series},}
@bibtvepisode{iat26,episodetitle ={The Stowaway},episodecount ={26},seriesnumber ={1},episodenumber ={26},crossref ={iat},keywords={tv series},}
@bibtvepisode{b51,episodetitle ={Midnight on the Firing Line},episodecount ={1},seriesnumber ={1},episodenumber ={1},director ={Richard Compton},writer ={J Michael Straczynski},crossref ={b5},keywords={tv series},}
@bibtvepisode{b52,episodetitle ={Soul Hunter},episodecount ={2},seriesnumber ={1},episodenumber ={2},director ={Jim Johnston},writer ={J Michael Straczynski},crossref ={b5},keywords={tv series},}
@bibtvepisode{b53,episodetitle ={Born to the Purple},episodecount ={3},seriesnumber ={1},episodenumber ={3},director ={Bruce Seth Green},writer ={Larry DiTillio},crossref ={b5},keywords={tv series},}
@bibtvepisode{b54,episodetitle ={Infection},episodecount ={4},seriesnumber ={1},episodenumber ={4},director ={Richard Compton},writer ={J Michael Straczynski},crossref ={b5},keywords={tv series},}
@bibtvepisode{b55,episodetitle ={The Parliament of Dreams},episodecount ={5},seriesnumber ={1},episodenumber ={5},director ={Jim Johnston},writer ={J Michael Straczynski},crossref ={b5},keywords={tv series},}
@bibtvepisode{b56,episodetitle ={Mind War},episodecount ={6},seriesnumber ={1},episodenumber ={6},director ={Bruce Seth Green},writer ={J Michael Straczynski},crossref ={b5},keywords={tv series},}
@bibtvepisode{b57,episodetitle ={The War Prayer},episodecount ={7},seriesnumber ={1},episodenumber ={7},director ={Richard Compton},writer ={D C Fontana},crossref ={b5},keywords={tv series},}
@bibtvepisode{b58,episodetitle ={And the Sky Full of Stars},episodecount ={8},seriesnumber ={1},episodenumber ={8},director ={Janet Greek},writer ={J Michael Straczynski},crossref ={b5},keywords={tv series},}
@bibtvepisode{b59,episodetitle ={Deathwalker},episodecount ={9},seriesnumber ={1},episodenumber ={9},director ={Bruce Seth Green},writer ={Larry DiTillio},crossref ={b5},keywords={tv series},}
@bibtvepisode{b510,episodetitle ={Believers},episodecount ={10},seriesnumber ={1},episodenumber ={10},director ={Richard Compton},writer ={David Gerrold},crossref ={b5},keywords={tv series},}
@bibtvepisode{b511,episodetitle ={Survivors},episodecount ={11},seriesnumber ={1},episodenumber ={11},director ={Jim Johnston},writer ={Marc Scott Zicree},crossref ={b5},keywords={tv series},}
@bibtvepisode{b512,episodetitle ={By Any Means Necessary},episodecount ={12},seriesnumber ={1},episodenumber ={12},director ={Jim Johnston},writer ={Kathryn M Drennan},crossref ={b5},keywords={tv series},}
@bibtvepisode{b513,episodetitle ={Signs and Portents},episodecount ={13},seriesnumber ={1},episodenumber ={13},director ={Janet Greek},writer ={J Michael Straczynski},crossref ={b5},keywords={tv series},}
@bibtvepisode{b514,episodetitle ={TKO},episodecount ={14},seriesnumber ={1},episodenumber ={14},director ={John C Flinn III},writer ={Larry DiTillio},crossref ={b5},keywords={tv series},}
@bibtvepisode{b515,episodetitle ={Grail},episodecount ={15},seriesnumber ={1},episodenumber ={15},director ={Richard Compton},writer ={Christy Marx},crossref ={b5},keywords={tv series},}
@bibtvepisode{b516,episodetitle ={Eyes},episodecount ={16},seriesnumber ={1},episodenumber ={16},director ={Jim Johnston},writer ={Larry DiTillio},crossref ={b5},keywords={tv series},}
@bibtvepisode{b517,episodetitle ={Legacies},episodecount ={17},seriesnumber ={1},episodenumber ={17},director ={Bruce Seth Green},writer ={D C Fontana},crossref ={b5},keywords={tv series},}
@bibtvepisode{b518,episodetitle ={A Voice in the Wilderness (Part 1)},episodecount ={18},seriesnumber ={1},episodenumber ={18},director ={Janet Greek},writer ={J Michael Straczynski},crossref ={b5},keywords={tv series},}
@bibtvepisode{b519,episodetitle ={A Voice in the Wilderness (Part 2)},episodecount ={19},seriesnumber ={1},episodenumber ={19},director ={Janet Greek},writer ={J Michael Straczynski},crossref ={b5},keywords={tv series},}
@bibtvepisode{b520,episodetitle ={Babylon Squared},episodecount ={20},seriesnumber ={1},episodenumber ={20},director ={Jim Johnston},writer ={J Michael Straczynski},crossref ={b5},keywords={tv series},}
@bibtvepisode{b521,episodetitle ={The Quality of Mercy},episodecount ={21},seriesnumber ={1},episodenumber ={21},director ={Lorraine Senna Ferrara},writer ={J Michael Straczynski},crossref ={b5},keywords={tv series},}
@bibtvepisode{b522,episodetitle ={Chrysalis},episodecount ={22},seriesnumber ={1},episodenumber ={22},director ={Janet Greek},writer ={J Michael Straczynski},crossref ={b5},keywords={tv series},}
@bibtvepisode{b523,episodetitle ={Points of Departure},episodecount ={23},seriesnumber ={2},episodenumber ={1},director ={Janet Greek},writer ={J Michael Straczynski},crossref ={b5},keywords={tv series},}
@bibtvepisode{b524,episodetitle ={Revelations},episodecount ={24},seriesnumber ={2},episodenumber ={2},director ={Jim Johnston},writer ={J Michael Straczynski},crossref ={b5},keywords={tv series},}
@bibtvepisode{b525,episodetitle ={The Geometry of Shadows},episodecount ={25},seriesnumber ={2},episodenumber ={3},director ={Mike Vejar},writer ={J Michael Straczynski},crossref ={b5},keywords={tv series},}
@bibtvepisode{b526,episodetitle ={A Distant Star},episodecount ={26},seriesnumber ={2},episodenumber ={4},director ={Jim Johnston},writer ={D C Fontana},crossref ={b5},keywords={tv series},}
@bibtvepisode{b527,episodetitle ={The Long Dark},episodecount ={27},seriesnumber ={2},episodenumber ={5},director ={Mario Di Leo},writer ={Scott Frost},crossref ={b5},keywords={tv series},}
@bibtvepisode{b528,episodetitle ={Spider in the Web},episodecount ={28},seriesnumber ={2},episodenumber ={6},director ={Kevin G Cremin},writer ={Larry DiTillio},crossref ={b5},keywords={tv series},}
@bibtvepisode{b529,episodetitle ={Soul Mates},episodecount ={29},seriesnumber ={2},episodenumber ={8},director ={John C Flinn III},writer ={Peter David},crossref ={b5},keywords={tv series},}
@bibtvepisode{b530,episodetitle ={A Race Through Dark Places},episodecount ={30},seriesnumber ={2},episodenumber ={7},director ={Jim Johnston},writer ={J Michael Straczynski},crossref ={b5},keywords={tv series},}
@bibtvepisode{b531,episodetitle ={The Coming of Shadows},episodecount ={31},seriesnumber ={2},episodenumber ={9},director ={Janet Greek},writer ={J Michael Straczynski},crossref ={b5},keywords={tv series},}
@bibtvepisode{b532,episodetitle ={Gropos},episodecount ={32},seriesnumber ={2},episodenumber ={10},director ={Jim Johnston},writer ={Larry DiTillio},crossref ={b5},keywords={tv series},}
@bibtvepisode{b533,episodetitle ={All Alone in the Night},episodecount ={33},seriesnumber ={2},episodenumber ={11},director ={Mario Di Leo},writer ={J Michael Straczynski},crossref ={b5},keywords={tv series},}
@bibtvepisode{b534,episodetitle ={Acts of Sacrifice},episodecount ={34},seriesnumber ={2},episodenumber ={12},director ={Jim Johnston},writer ={J Michael Straczynski},crossref ={b5},keywords={tv series},}
@bibtvepisode{b535,episodetitle ={Hunter, Prey},episodecount ={35},seriesnumber ={2},episodenumber ={13},director ={Menachem Binetski},writer ={J Michael Straczynski},crossref ={b5},keywords={tv series},}
@bibtvepisode{b536,episodetitle ={There All the Honor Lies},episodecount ={36},seriesnumber ={2},episodenumber ={14},director ={Mike Vejar},writer ={Peter David},crossref ={b5},keywords={tv series},}
@bibtvepisode{b537,episodetitle ={And Now for a Word},episodecount ={37},seriesnumber ={2},episodenumber ={15},director ={Mario Di Leo},writer ={J Michael Straczynski},crossref ={b5},keywords={tv series},}
@bibtvepisode{b538,episodetitle ={In the Shadow of Z'ha'dum},episodecount ={38},seriesnumber ={2},episodenumber ={17},director ={David J Eagle},writer ={J Michael Straczynski},crossref ={b5},keywords={tv series},}
@bibtvepisode{b539,episodetitle ={Knives},episodecount ={39},seriesnumber ={2},episodenumber ={16},director ={Stephen L Posey},writer ={Larry DiTillio},crossref ={b5},keywords={tv series},}
@bibtvepisode{b540,episodetitle ={Confessions and Lamentations},episodecount ={40},seriesnumber ={2},episodenumber ={18},director ={Kevin G Cremin},writer ={J Michael Straczynski},crossref ={b5},keywords={tv series},}
@bibtvepisode{b541,episodetitle ={Divided Loyalties},episodecount ={41},seriesnumber ={2},episodenumber ={19},director ={Jesus Trevino},writer ={J Michael Straczynski},crossref ={b5},keywords={tv series},}
@bibtvepisode{b542,episodetitle ={The Long, Twilight Struggle},episodecount ={42},seriesnumber ={2},episodenumber ={20},director ={John C Flinn III},writer ={J Michael Straczynski},crossref ={b5},keywords={tv series},}
@bibtvepisode{b543,episodetitle ={Comes the Inquisitor},episodecount ={43},seriesnumber ={2},episodenumber ={21},director ={Mike Vejar},writer ={J Michael Straczynski},crossref ={b5},keywords={tv series},}
@bibtvepisode{b544,episodetitle ={The Fall of Night},episodecount ={44},seriesnumber ={2},episodenumber ={22},director ={Janet Greek},writer ={J Michael Straczynski},crossref ={b5},keywords={tv series},}
@bibtvepisode{b545,episodetitle ={Matters of Honor},episodecount ={45},seriesnumber ={3},episodenumber ={1},director ={Kevin G Cremin},writer ={J Michael Straczynski},crossref ={b5},keywords={tv series},}
@bibtvepisode{b546,episodetitle ={Convictions},episodecount ={46},seriesnumber ={3},episodenumber ={2},director ={Mike Vejar},writer ={J Michael Straczynski},crossref ={b5},keywords={tv series},}
@bibtvepisode{b547,episodetitle ={A Day in the Strife},episodecount ={47},seriesnumber ={3},episodenumber ={3},director ={David J Eagle},writer ={J Michael Straczynski},crossref ={b5},keywords={tv series},}
@bibtvepisode{b548,episodetitle ={Passing Through Gethsemane},episodecount ={48},seriesnumber ={3},episodenumber ={4},director ={Adam Nimoy},writer ={J Michael Straczynski},crossref ={b5},keywords={tv series},}
@bibtvepisode{b549,episodetitle ={Voices of Authority},episodecount ={49},seriesnumber ={3},episodenumber ={5},director ={Menachem Binetski},writer ={J Michael Straczynski},crossref ={b5},keywords={tv series},}
@bibtvepisode{b550,episodetitle ={Dust to Dust},episodecount ={50},seriesnumber ={3},episodenumber ={6},director ={David J Eagle},writer ={J Michael Straczynski},crossref ={b5},keywords={tv series},}
@bibtvepisode{b551,episodetitle ={Exogenesis},episodecount ={51},seriesnumber ={3},episodenumber ={7},director ={Kevin G Cremin},writer ={J Michael Straczynski},crossref ={b5},keywords={tv series},}
@bibtvepisode{b552,episodetitle ={Messages from Earth},episodecount ={52},seriesnumber ={3},episodenumber ={8},director ={Mike Vejar},writer ={J Michael Straczynski},crossref ={b5},keywords={tv series},}
@bibtvepisode{b553,episodetitle ={Point of No Return},episodecount ={53},seriesnumber ={3},episodenumber ={9},director ={Jim Johnston},writer ={J Michael Straczynski},crossref ={b5},keywords={tv series},}
@bibtvepisode{b554,episodetitle ={Severed Dreams},episodecount ={54},seriesnumber ={3},episodenumber ={10},director ={David J Eagle},writer ={J Michael Straczynski},crossref ={b5},keywords={tv series},}
@bibtvepisode{b555,episodetitle ={Ceremonies of Light and Dark},episodecount ={55},seriesnumber ={3},episodenumber ={11},director ={John C Flinn III},writer ={J Michael Straczynski},crossref ={b5},keywords={tv series},}
@bibtvepisode{b556,episodetitle ={Sic Transit Vir},episodecount ={56},seriesnumber ={3},episodenumber ={12},director ={Jesus Trevino},writer ={J Michael Straczynski},crossref ={b5},keywords={tv series},}
@bibtvepisode{b557,episodetitle ={A Late Delivery from Avalon},episodecount ={57},seriesnumber ={3},episodenumber ={13},director ={Mike Vejar},writer ={J Michael Straczynski},crossref ={b5},keywords={tv series},}
@bibtvepisode{b558,episodetitle ={Ship of Tears},episodecount ={58},seriesnumber ={3},episodenumber ={14},director ={Mike Vejar},writer ={J Michael Straczynski},crossref ={b5},keywords={tv series},}
@bibtvepisode{b559,episodetitle ={Interludes and Examinations},episodecount ={59},seriesnumber ={3},episodenumber ={15},director ={Jesus Trevino},writer ={J Michael Straczynski},crossref ={b5},keywords={tv series},}
@bibtvepisode{b560,episodetitle ={War Without End (Part 1)},episodecount ={60},seriesnumber ={3},episodenumber ={16},director ={Mike Vejar},writer ={J Michael Straczynski},crossref ={b5},keywords={tv series},}
@bibtvepisode{b561,episodetitle ={War Without End (Part 2)},episodecount ={61},seriesnumber ={3},episodenumber ={17},director ={Mike Vejar},writer ={J Michael Straczynski},crossref ={b5},keywords={tv series},}
@bibtvepisode{b562,episodetitle ={Walkabout},episodecount ={62},seriesnumber ={3},episodenumber ={18},director ={Kevin G Cremin},writer ={J Michael Straczynski},crossref ={b5},keywords={tv series},}
@bibtvepisode{b563,episodetitle ={Grey 17 Is Missing},episodecount ={63},seriesnumber ={3},episodenumber ={19},director ={John C Flinn III},writer ={J Michael Straczynski},crossref ={b5},keywords={tv series},}
@bibtvepisode{b564,episodetitle ={And the Rock Cried Out, No Hiding Place},episodecount ={64},seriesnumber ={3},episodenumber ={20},director ={David J Eagle},writer ={J Michael Straczynski},crossref ={b5},keywords={tv series},}
@bibtvepisode{b565,episodetitle ={Shadow Dancing},episodecount ={65},seriesnumber ={3},episodenumber ={21},director ={Kim Friedman},writer ={J Michael Straczynski},crossref ={b5},keywords={tv series},}
@bibtvepisode{b566,episodetitle ={Z'ha'dum},episodecount ={66},seriesnumber ={3},episodenumber ={22},director ={Adam Nimoy},writer ={J Michael Straczynski},crossref ={b5},keywords={tv series},}
@bibtvepisode{b567,episodetitle ={The Hour of the Wolf},episodecount ={67},seriesnumber ={4},episodenumber ={1},director ={David J Eagle},writer ={J Michael Straczynski},crossref ={b5},keywords={tv series},}
@bibtvepisode{b568,episodetitle ={Whatever Happened to Mr. Garibaldi?},episodecount ={68},seriesnumber ={4},episodenumber ={2},director ={Kevin James Dobson},writer ={J Michael Straczynski},crossref ={b5},keywords={tv series},}
@bibtvepisode{b569,episodetitle ={The Summoning},episodecount ={69},seriesnumber ={4},episodenumber ={3},director ={John McPherson},writer ={J Michael Straczynski},crossref ={b5},keywords={tv series},}
@bibtvepisode{b570,episodetitle ={Falling Toward Apotheosis},episodecount ={70},seriesnumber ={4},episodenumber ={4},director ={David J Eagle},writer ={J Michael Straczynski},crossref ={b5},keywords={tv series},}
@bibtvepisode{b571,episodetitle ={The Long Night},episodecount ={71},seriesnumber ={4},episodenumber ={5},director ={John Lafia},writer ={J Michael Straczynski},crossref ={b5},keywords={tv series},}
@bibtvepisode{b572,episodetitle ={Into the Fire},episodecount ={72},seriesnumber ={4},episodenumber ={6},director ={Kevin James Dobson},writer ={J Michael Straczynski},crossref ={b5},keywords={tv series},}
@bibtvepisode{b573,episodetitle ={Epiphanies},episodecount ={73},seriesnumber ={4},episodenumber ={7},director ={John C Flinn III},writer ={J Michael Straczynski},crossref ={b5},keywords={tv series},}
@bibtvepisode{b574,episodetitle ={The Illusion of Truth},episodecount ={74},seriesnumber ={4},episodenumber ={8},director ={Stephen Furst},writer ={J Michael Straczynski},crossref ={b5},keywords={tv series},}
@bibtvepisode{b575,episodetitle ={Atonement},episodecount ={75},seriesnumber ={4},episodenumber ={9},director ={Tony Dow},writer ={J Michael Straczynski},crossref ={b5},keywords={tv series},}
@bibtvepisode{b576,episodetitle ={Racing Mars},episodecount ={76},seriesnumber ={4},episodenumber ={10},director ={Jesus Trevino},writer ={J Michael Straczynski},crossref ={b5},keywords={tv series},}
@bibtvepisode{b577,episodetitle ={Lines of Communication},episodecount ={77},seriesnumber ={4},episodenumber ={11},director ={John C Flinn III},writer ={J Michael Straczynski},crossref ={b5},keywords={tv series},}
@bibtvepisode{b578,episodetitle ={Conflicts of Interest},episodecount ={78},seriesnumber ={4},episodenumber ={12},director ={David J Eagle},writer ={J Michael Straczynski},crossref ={b5},keywords={tv series},}
@bibtvepisode{b579,episodetitle ={Rumors, Bargains and Lies},episodecount ={79},seriesnumber ={4},episodenumber ={13},director ={Mike Vejar},writer ={J Michael Straczynski},crossref ={b5},keywords={tv series},}
@bibtvepisode{b580,episodetitle ={Moments of Transition},episodecount ={80},seriesnumber ={4},episodenumber ={14},director ={Tony Dow},writer ={J Michael Straczynski},crossref ={b5},keywords={tv series},}
@bibtvepisode{b581,episodetitle ={No Surrender, No Retreat},episodecount ={81},seriesnumber ={4},episodenumber ={15},director ={Mike Vejar},writer ={J Michael Straczynski},crossref ={b5},keywords={tv series},}
@bibtvepisode{b582,episodetitle ={The Exercise of Vital Powers},episodecount ={82},seriesnumber ={4},episodenumber ={16},director ={John Lafia},writer ={J Michael Straczynski},crossref ={b5},keywords={tv series},}
@bibtvepisode{b583,episodetitle ={The Face of the Enemy},episodecount ={83},seriesnumber ={4},episodenumber ={17},director ={Mike Vejar},writer ={J Michael Straczynski},crossref ={b5},keywords={tv series},}
@bibtvepisode{b584,episodetitle ={Intersections in Real Time},episodecount ={84},seriesnumber ={4},episodenumber ={18},director ={John Lafia},writer ={J Michael Straczynski},crossref ={b5},keywords={tv series},}
@bibtvepisode{b585,episodetitle ={Between the Darkness and the Light},episodecount ={85},seriesnumber ={4},episodenumber ={19},director ={David J Eagle},writer ={J Michael Straczynski},crossref ={b5},keywords={tv series},}
@bibtvepisode{b586,episodetitle ={Endgame},episodecount ={86},seriesnumber ={4},episodenumber ={20},director ={John Copeland},writer ={J Michael Straczynski},crossref ={b5},keywords={tv series},}
@bibtvepisode{b587,episodetitle ={Rising Star},episodecount ={87},seriesnumber ={4},episodenumber ={21},director ={Tony Dow},writer ={J Michael Straczynski},crossref ={b5},keywords={tv series},}
@bibtvepisode{b588,episodetitle ={The Deconstruction of Falling Stars},episodecount ={88},seriesnumber ={4},episodenumber ={22},director ={Stephen Furst},writer ={J Michael Straczynski},crossref ={b5},keywords={tv series},}
@bibtvepisode{b589,episodetitle ={No Compromises},episodecount ={89},seriesnumber ={5},episodenumber ={1},director ={Janet Greek},writer ={J Michael Straczynski},crossref ={b5},keywords={tv series},}
@bibtvepisode{b590,episodetitle ={The Very Long Night of Londo Mollari},episodecount ={90},seriesnumber ={5},episodenumber ={2},director ={David J Eagle},writer ={J Michael Straczynski},crossref ={b5},keywords={tv series},}
@bibtvepisode{b591,episodetitle ={The Paragon of Animals},episodecount ={91},seriesnumber ={5},episodenumber ={3},director ={Mike Vejar},writer ={J Michael Straczynski},crossref ={b5},keywords={tv series},}
@bibtvepisode{b592,episodetitle ={A View from the Gallery},episodecount ={92},seriesnumber ={5},episodenumber ={4},director ={Janet Greek},writer ={Harlan Ellison and J Michael Straczynski},writertype={story},crossref ={b5},keywords={tv series},}
@bibtvepisode{b593,episodetitle ={Learning Curve},episodecount ={93},seriesnumber ={5},episodenumber ={5},director ={David J Eagle},writer ={J Michael Straczynski},crossref ={b5},keywords={tv series},}
@bibtvepisode{b594,episodetitle ={Strange Relations},episodecount ={94},seriesnumber ={5},episodenumber ={6},director ={John C Flinn III},writer ={J Michael Straczynski},crossref ={b5},keywords={tv series},}
@bibtvepisode{b595,episodetitle ={Secrets of the Soul},episodecount ={95},seriesnumber ={5},episodenumber ={7},director ={Tony Dow},writer ={J Michael Straczynski},crossref ={b5},keywords={tv series},}
@bibtvepisode{b596,episodetitle ={Day of the Dead},episodecount ={96},seriesnumber ={5},episodenumber ={8},director ={Doug Lefler},writer ={Neil Gaiman},crossref ={b5},keywords={tv series},}
@bibtvepisode{b597,episodetitle ={In the Kingdom of the Blind},episodecount ={97},seriesnumber ={5},episodenumber ={9},director ={David J Eagle},writer ={J Michael Straczynski},crossref ={b5},keywords={tv series},}
@bibtvepisode{b598,episodetitle ={A Tragedy of Telepaths},episodecount ={98},seriesnumber ={5},episodenumber ={10},director ={Tony Dow},writer ={J Michael Straczynski},crossref ={b5},keywords={tv series},}
@bibtvepisode{b599,episodetitle ={Phoenix Rising},episodecount ={99},seriesnumber ={5},episodenumber ={11},director ={David J Eagle},writer ={J Michael Straczynski},crossref ={b5},keywords={tv series},}
@bibtvepisode{b5100,episodetitle ={The Ragged Edge},episodecount ={100},seriesnumber ={5},episodenumber ={12},director ={John Copeland},writer ={J Michael Straczynski},crossref ={b5},keywords={tv series},}
@bibtvepisode{b5101,episodetitle ={The Corps is Mother, the Corps is Father},episodecount ={101},seriesnumber ={5},episodenumber ={13},director ={Stephen Furst},writer ={J Michael Straczynski},crossref ={b5},keywords={tv series},}
@bibtvepisode{b5102,episodetitle ={Meditations on the Abyss},episodecount ={102},seriesnumber ={5},episodenumber ={14},director ={Mike Vejar},writer ={J Michael Straczynski},crossref ={b5},keywords={tv series},}
@bibtvepisode{b5103,episodetitle ={Darkness Ascending},episodecount ={103},seriesnumber ={5},episodenumber ={15},director ={Janet Greek},writer ={J Michael Straczynski},crossref ={b5},keywords={tv series},}
@bibtvepisode{b5104,episodetitle ={And All My Dreams, Torn Asunder},episodecount ={104},seriesnumber ={5},episodenumber ={16},director ={Goran Gajic},writer ={J Michael Straczynski},crossref ={b5},keywords={tv series},}
@bibtvepisode{b5105,episodetitle ={Movements of Fire and Shadow},episodecount ={105},seriesnumber ={5},episodenumber ={17},director ={John C Flinn III},writer ={J Michael Straczynski},crossref ={b5},keywords={tv series},}
@bibtvepisode{b5106,episodetitle ={The Fall of Centauri Prime},episodecount ={106},seriesnumber ={5},episodenumber ={18},director ={Douglas E Wise},writer ={J Michael Straczynski},crossref ={b5},keywords={tv series},}
@bibtvepisode{b5107,episodetitle ={The Wheel of Fire},episodecount ={107},seriesnumber ={5},episodenumber ={19},director ={Janet Greek},writer ={J Michael Straczynski},crossref ={b5},keywords={tv series},}
@bibtvepisode{b5108,episodetitle ={Objects in Motion},episodecount ={108},seriesnumber ={5},episodenumber ={20},director ={Jesus Trevino},writer ={Harlan Ellison and J Michael Straczynski},writertype={story},crossref ={b5},keywords={tv series},}
@bibtvepisode{b5109,episodetitle ={Objects at Rest},episodecount ={109},seriesnumber ={5},episodenumber ={21},director ={John Copeland},writer ={J Michael Straczynski},crossref ={b5},keywords={tv series},}
@bibtvepisode{b5110,episodetitle ={Sleeping in Light},episodecount ={110},seriesnumber ={5},episodenumber ={22},director ={J Michael Straczynski},writer ={J Michael Straczynski},crossref ={b5},keywords={tv series},}
%=======================
@bibstampseries{stmpseries1,country ={Australia},title ={Native Bees},date ={2019-05-14},denomination ={4 x \$1},illustration ={Kevin Stead},sortkey ={Native Bees},fdipostmark ={Werribee, Vic 3030},keywords ={stampseries},}

@bibstampseries{stmpseries2,country ={Australia},title ={In the Garden: SCM 2019},date ={2019-08-01},denomination ={4 x \$1, 1 x \$2},illustration ={Andrew Hopgood},sortkey ={In the Garden},fdipostmark ={Watergardens, Vic 3038},keywords ={stampseries},}

@bibstampseries{stmpseries3,title ={Miscellaneous},sortkey ={zzz},keywords ={stampseries},}






@bibstamp{stamp1,stampdenomination ={\$1},xref ={stmpseries1},stampcaption ={Resin Bee (\mkbibemph{Megachile macleayu})},sortkey ={Native Bees01},sortkeyref ={Native Bees},keywords ={stampseries},shorthand ={Aus--NB1},}
@bibstamp{stamp2,stampdenomination ={\$1},xref ={stmpseries1},stampcaption ={Green and Gold Nomia Bee (\mkbibemph{Lipotriches australica})},sortkey ={Native Bees02},keywords ={stampseries},shorthand ={Aus--NB2},}
@bibstamp{stamp3,stampdenomination ={\$1},xref ={stmpseries1},stampcaption ={Wasp-mimic Bee (\mkbibemph{Hyleoides concinna})},sortkey ={Native Bees03},keywords ={stampseries},shorthand ={Aus--NB3},}
@bibstamp{stamp4,stampdenomination ={\$1},xref ={stmpseries1},stampcaption ={Neon Cuckoo Bee (\mkbibemph{Thyreus nitidulus})},sortkey ={Native Bees04},keywords ={stampseries},shorthand ={Aus--NB4},}

@bibstamp{stamp5,stampdenomination ={\$1},xref ={stmpseries2},stampcaption ={Rainwater garden},sortkey ={In the Garden01},keywords ={stampseries},shorthand ={Aus--ITG1},}
@bibstamp{stamp6,stampdenomination ={\$1},xref ={stmpseries2},stampcaption ={Worm farm},sortkey ={In the Garden02},keywords ={stampseries},shorthand ={Aus--ITG2},}
@bibstamp{stamp7,stampdenomination ={\$1},xref ={stmpseries2},stampcaption ={Pollinators},sortkey ={In the Garden03},keywords ={stampseries},shorthand ={Aus--ITG3},}
@bibstamp{stamp8,stampdenomination ={\$1},xref ={stmpseries2},stampcaption ={Nest box},sortkey ={In the Garden04},keywords ={stampseries},shorthand ={Aus--ITG4},}
@bibstamp{stamp9,stampdenomination ={\$2},xref ={stmpseries2},stampcaption ={Veggie garden},sortkey ={In the Garden05},keywords ={stampseries},shorthand ={Aus--ITG5},}


@bibstamp{stamp10,stampdenomination ={15d},xref ={stmpseries3},stampcaption ={Rosa hybrid tea},sortkey ={zzzVietnam01},sortkeyref ={Vietnam},keywords ={stampseries},shorthand ={Viet1},}

%------------------------------------


@periodical{gsm,
  title       = {Gibbons Stamp Monthly},
%  issue      = {166},
  volume={45},
  number={10},
  date        = {2015-03},
  related     = {aaz,
  commb,
  phillond,
  },
  relatedtype = {multivolumeset},
  keywords = {mv},
}


@article{aaz,
  title       = {An A to Z of Bogus Stamps},
  subtitle={Part 2},
  author={Christer Brunstrom},
  pages={98-100},
  crossref={gsm},
%  options     = {dataonly},
  shorttitle={Bogus Stamps},
  sorttitle={gsm bog},
  keywords = {mv},
}


@article{phillond,
  title       = {The Philatelic Exhibitions of London},
  subtitle={(Part 12) 1970 `Philympia'},
  author={Derek Connell},
  pages={46-52},
  crossref={gsm},
%  options     = {dataonly},
  shorttitle={Exhibitions},
  sorttitle={gsm phl},
  keywords = {mv},
}

@article{commb,
  title       = {2014 Commonwealth Booklets},
%  subtitle={},
  author={Geir Ser-Reime},
  pages={107-109},
  crossref={gsm},
%  options     = {dataonly},
  shorttitle={Booklets},
  sorttitle={gsm com},
  keywords = {mv},
}




@periodical{ba,
  title       = {British Archaeology},
  issue      = {166},
  date        = {2019-05/2019-06},
  related     = {curious,
  wrecks,
  hs2,
  treasure,
  whelmet,
  },
  relatedtype = {multivolumeset},
  keywords = {mv},
}
%  volume={166},
%  number={1},

@article{treasure,
  title       = {Reviewing the Treasure Act},
  pages={18-25},
  crossref={ba},
%  options     = {dataonly},
  shorttitle={Treasure Act},
  sorttitle={ba rot},
  keywords = {mv},
}
@article{wrecks,
  title       = {The Forgotten Wrecks of the First World War},
  author={Jesse Ransley},
   pages={24-31},
  crossref={ba},
%  options     = {dataonly},
  shorttitle={Forgotten Wrecks},
  sorttitle={ba fww},
  keywords = {mv},
}

@article{hs2,
  title       = {HS2},
  subtitle       = {The largest archaeological investigation ever undertaken in the UK},
  author={Helen Wass},
   pages={32-41},
  crossref={ba},
%  options     = {dataonly},
  shorttitle={HS2},
  sorttitle={ba hs2},
  keywords = {mv},
}

@article{whelmet,
  title       = {Wollaston},
  subtitle       = {Who Wore the Pioneer Helmet?},
  author={Rob Atkins and Ian Meadows},
   pages={42-47},
  crossref={ba},
%  options     = {dataonly},
  shorttitle={Wollaston helmet},
  sorttitle={ba whm},
  keywords = {mv},
}

@article{curious,
  title       = {The curious case of Çatalhöyük},
  author={Duygu Tarkan and Şeyda Çetin},
   pages={48-51},
  crossref={ba},
%  options     = {dataonly},
  shorttitle={Çatalhöyük},
  sorttitle={ba cur},
  keywords = {mv},
}



@periodical{cwam,
  title       = {Current World Archaeology Magazine},
  issue      = {94},
  volume={8},
  number={10},
  date        = {2019-04/2019-05},
  sorttitle={cwam 000},
  keywords = {mv},
  }
@article{ama,
  title       = {Art meets archaeology},
  subtitle={A fresh perspective on Pompeii and Herculaneum},
  author={Catrin Huber and Ian Haynes},
  pages={34-37},
  crossref={cwam},
  sorttitle={cwam ama},
}
@mvbook{A,
  author      = {René Goscinny and Albert Uderzo},
  sorttitle   = {Asterix und Obelix 00},
  sortyear    = {1959},
  maintitle   = {Asterix und Obelix},
  location    = {Paris},
  related     = {A:V2,A:V5,A:V3,A:V1,A:VX,A:V4},
  relatedtype = {multivolumeset},
}
@periodical{cwammv,
  title       = {Current World Archaeology Magazine},
  issue      = {94},
  volume={8},
  number={10},
  date        = {2019-04/2019-05},
  sorttitle   = {cwammv 00},
  related     = {amamv,
  bommv,
  fokmv,
  mbgmv,
  vokmv,
  wtbmv},% items appear in this order
  relatedtype = {multivolumeset},
%  sorttitle={cwammv 000},
  keywords = {mv},
}
@Book{A:V1,
  crossref    = {A},
  volume      = {1},
  title       = {Asterix der Gallier},
  sorttitle   = {Asterix und Obelix 01},
  year        = {1959},
  publisher   = {Dargaud},
  options     = {dataonly},
}

@Book{A:V2,
  crossref    = {A},
  title       = {Asterix und Kleopatra},
  volume      = {2},
  sorttitle   = {Asterix und Obelix 02},
  year        = {1968},
  publisher   = {Dargaud},
  options     = {dataonly},
}
@Book{A:V3,
  crossref    = {A},
  title       = {Asterix als Gladiator},
  volume      = {3},
  sorttitle   = {Asterix und Obelix 03},
  year        = {1969},
  publisher   = {Dargaud},
  options     = {dataonly},
}
@Book{A:V4,
  crossref    = {A},
  title       = {Der Kampf der Häuptlinge},
  volume      = {4},
  sorttitle  = {Asterix und Obelix 04},
  year        = {1969},
  publisher   = {Dargaud},
  options     = {dataonly},
}
@Book{A:V5,
  crossref    = {A},
  title       = {Die goldene Sichel},
  volume      = {5},
  sorttitle   = {Asterix und Obelix 05},
  year        = {1970},
  publisher   = {Ehapa-Verlag},
  options     = {dataonly},
}
@Book{A:VX,
  crossref    = {A},
  title       = {Tour de France},
  volume      = {6},
  sorttitle   = {Asterix und Obelix 06},
  year        = {1970},
  publisher   = {Ehapa-Verlag},
  location    = {Berlin},
  options     = {dataonly},
}
@article{amamv,
  title       = {Art meets archaeology},
  sorttitle   = {cwammv ama},
  subtitle={A fresh perspective on Pompeii and Herculaneum},
  author={Catrin Huber and Ian Haynes},
  pages={34-37},
  crossref={cwammv},
%  options     = {dataonly},
  sorttitle={cwam ama},
  keywords = {mv},
}
@article{wtbmv,
  title       = {Where to build a monument},
  sorttitle   = {cwammv wtb},
  subtitle={Mapping megaliths on Easter Island},
  author={Robert J DiNapoli},
  pages={10-11},
  crossref={cwammv},
%  options     = {dataonly},
%  sorttitle={cwam wtb},
  keywords = {mv},
}

@article{vokmv,
  title       = {The Valley of the Kings revisited},
  sorttitle   = {cwammv vok},
  subtitle={Investigating unacclaimed tombs with wonderful secrets},
  author={Donald P Ryan},
  pages={16-21},
  crossref={cwammv},
%  options     = {dataonly},
%  sorttitle={cwam vok},
  keywords = {mv},
}

@article{fokmv,
  title       = {The fortress of Kurganzol},
  sorttitle   = {cwammv fok},
  subtitle={On the trail of Alexander the Great in central Asia},
  author={Leonard M Sverchkov and Nikolaus G O Boroffka},
  pages={22-27},
  crossref={cwammv},
%  options     = {dataonly},
%  sorttitle={cwam fok},
  keywords = {mv},
}
@article{mbgmv,
  title       = {Mud, blood, and green fields},
  sorttitle   = {cwammv mbg},
  subtitle={An archaeology of the First World War at Bullecourt},
  author={Richard Osgood},
  pages={28-33},
  crossref={cwammv},
%  options     = {dataonly},
%  sorttitle={cwam mbg},
  keywords = {mv},
}

@article{bommv,
  title       = {The battle of Monte Cassino},
  sorttitle   = {cwammv bom},
%  subtitle={},
  author={Richard Hodges},
  pages={28-33},
  crossref={cwammv},
%  options     = {dataonly},
%  sorttitle={cwam bom},
  keywords = {mv},
}



@archive{zbox2,
   title={All About Pies},
 level1 = {Museum of All Things},
 level2 = {Historical Collections Department},
 level3 = {Station Records 1790-1820},
 level4 = {cat AB 123/486},
 level5 = {box 2},
  related     = {zbox2a,zbox2b,zbox2c},
  relatedtype = {archive},
  keywords = {mv},
}




 @archive{zbox2a,
 level6 = {folders 1-2},
  itemattr1 = {Correspondence in Frensshe},
  xref = {zbox2},
%options = {dataonly},
  related     = {zbox2a1},%,zbox2b,zbox2c},
  relatedtype = {archive},
  keywords = {mv},
  }


 @archive{zbox2a1,
 level6 = {xxxfolders 1-2},
  itemattr1 = {xxxCorrespondence in Frensshe},
  xref = {zbox2a},
options = {dataonly},
  keywords = {mv},
  }



@archive{zbox2b,
 level6 = {folder 3},
  itemattr1 = {Pastry recipes},
  xref = {zbox2},
options = {dataonly},
  keywords = {mv},
  }


@archive{zbox2c,
 level6 = {folders 4-5},
  itemattr1 = {The Pieman Letters},
  xref = {zbox2},
options = {dataonly},
  keywords = {mv},
  }

